3442 5392
677 575 850 634 „43-

586 840 626 894 Iu
643 843 715 910 pari
736 842 845 912 duplici
867 842 982 896 alterno

882 1131 1058 1180 EXEMPLA

487 1351 525 1399 sit
544 1353 639 1400 tamen
657 1351 812 1414 hospitium
831 1353 914 1401 nobis
933 1368 1077 1401 commune
1096 1353 1206 1402 duobus
1225 1352 1260 1419 (V
1280 1352 1355 1419 62,7)

486 1437 551 1472 nam
569 1423 653 1485 pellis
670 1437 805 1472 mammas
823 1439 881 1472 non
900 1425 978 1487 capit
997 1425 1052 1473 ista
1070 1425 1134 1472 tuas
1153 1425 1230 1485 (XIV
1254 1425 1330 1492 66,2)

487 1566 628 1627 unguibus
646 1566 692 1613 hic
712 1566 804 1629 longis
824 1565 913 1628 utilis,
934 1566 985 1614 illa
1004 1567 1083 1630 genis
1104 1566 1180 1629 (XIV
1200 1566 1275 1628 3602)

488 1639 562 1684 testa
581 1637 628 1684 sed
647 1637 759 1699 antiqui
778 1637 848 1685 felix
867 1638 990 1686 siccatur
1009 1638 1103 1700 Opimi
1123 1638 1147 1702 (I
1168 1637 1242 1702 26,7)

488 1722 565 1757 arma
584 1709 682 1756 <lamus
701 1707 791 1756 tautis
810 1711 879 1770 apta
898 1709 1065 1757 libidinibus
1084 1710 1161 1771 (XIV
1175 1710 1251 1770 23,2)

488 1779 547 1828 otia
566 1780 631 1827 (lum
651 1780 758 1828 medius
776 1783 903 1842 praestat
922 1780 976 1828 tibi
994 1795 1085 1842 parra
1103 1780 1256 1829 December
1282 1780 1347 1844 (VII
1372 1781 1448 1845 28‚7)

489 1849 616 1900 versibus
634 1851 829 1912 explicitumst
848 1866 929 1899 omne
948 1852 1055 1899 (luobus
1074 1866 1144 1913 opus
1164 1852 1240 1916 (XIV
1259 1852 1317 1912 23)

489 1935 551 1968 cum
570 1923 683 1970 steterit
701 1923 796 1970 nullus
815 1923 900 1973 vultu
919 1922 972 1970 tibi
994 1922 1070 1971 talus
1089 1923 1185 1970 eodem
1206 1923 1282 1987 (XIV
1304 1923 1377 1984 14‚1)

489 1993 536 2055 qui
556 1993 635 2043 videt
654 1993 722 2042 haec
742 1994 863 2041 (leminis
881 1998 1008 2042 monstra
1026 1994 1136 2055 placere
1156 1995 1213 2041 suis
1232 1994 1297 2054 (VII
1318 1992 1412 2058 87,10)

489 2064 623 2125 capparin
642 2066 671 2112 et
689 2064 767 2126 putri
787 2079 869 2126 cepas
888 2064 975 2113 allece
994 2065 1121 2113 natantis
1141 2066 1196 2125 (III
1216 2064 1290 2130 7105)

488 2151 545 2183 non
563 2136 666 2184 tetrica
684 2150 774 2198 nugas
793 2136 890 2197 exigat
909 2151 975 2184 aure
994 2150 1070 2184 meas
1090 2136 1141 2197 (IV
1160 2135 1235 2199 824)

488 2209 519 2255 at
538 2209 569 2254 tu
590 2207 713 2256 Romano
732 2207 840 2268 lepidos
859 2208 918 2255 sale
937 2208 1016 2270 tinge
1034 2207 1147 2255 libellos
1165 2208 1245 2269 (VIII
1265 2207 1341 2272 3,19)

489 2291 551 2325 cum
573 2278 659 2328 breve
678 2278 805 2327 Sicaniae
824 2294 875 2329 ver
893 2279 1066 2340 populantur
1084 2293 1150 2340 apes
1170 2277 1210 2342 (II
1230 2279 1305 2340 462>

489 2351 582 2397 cetera
600 2349 716 2400 lascivis
734 2350 853 2400 donavit
871 2365 954 2411 poma
973 2350 1075 2412 puellis
1093 2347 1159 2416 (VII
1178 2349 1254 2412 91‚3)

488 2434 588 2481 aspera
607 2420 652 2470 vel
672 2421 787 2482 paribus
807 2421 883 2469 bella
901 2424 1000 2469 tonare
1019 2422 1109 2470 modis
1128 2421 1208 2482 (VIII
1228 2421 1305 2484 3‚14)

225 2862 375 2918 Numerus
403 2861 564 2917 universus
591 2863 673 2933 paris
702 2863 862 2918 exterioris
883 2870 930 2919 est
954 2864 1010 2919 168
1028 2886 1062 2910 =
1081 2862 1170 2936 12,25
1186 2856 1224 2936 010
1248 2860 1337 2932 (hex.

184 2963 321 3044 6056010,
350 2971 435 3038 pent.
466 2968 537 3037 5,69
557 2963 632 3043 0101,
661 2968 743 3037 paris
771 2967 926 3023 interioris
955 2969 1012 3022 600
1030 2991 1065 3015 --
1082 2969 1173 3041 43076
1187 2964 1227 3044 010
1249 2967 1335 3036 (hex.

184 3070 333 3151 17094010,
347 3081 432 3146 pent.
447 3077 537 3147 25,82
547 3071 606 3151 010),
620 3077 703 3145 paris
716 3076 826 3131 alterni
838 3077 895 3130 603
906 3073 1088 3153 ε43099010
1097 3077 1174 3144 (hex.
1189 3072 1338 3153 28045110,

186 3190 270 3253 pent.
296 3185 386 3252 15054
398 3179 447 3258 010.
471 3183 619 3238 Martialis
640 3183 734 3253 igitur
754 3185 802 3238 his
824 3185 856 3239 in
878 3185 969 3239 rebus
990 3185 1239 3241 consuetudinem
1261 3186 1340 3254 opti-

184 3307 301 3346 morum
323 3295 480 3361 poetarum
503 3295 624 3343 secutus
645 3294 702 3344 est.
719 3291 755 3344 In
776 3291 976 3361 pentametris
991 3292 1073 3345 enim
1089 3292 1220 3361 primum
1241 3293 1340 3346 locum

183 3398 302 3452 obtinet
316 3415 371 3468 par
385 3397 525 3469 interius,
542 3396 706 3450 secundum
729 3413 783 3466 par
804 3399 966 3470 alternum,
984 3397 1108 3452 tertium
1121 3416 1177 3468 par
1192 3399 1339 3471 exterma,

182 3511 218 3560 ut
237 3506 318 3576 apud
332 3505 475 3560 Ovidium
489 3509 520 3558 et
535 3505 702 3578 Tibullum,
719 3521 757 3558 ex
776 3505 917 3558 omnibus
931 3505 1129 3560 distichorum
1145 3506 1341 3577 scriptoribus

184 3614 441 3685 elegantissimos:
465 3621 571 3668 contra
588 3614 620 3668 in
635 3614 893 3684 hexametrispar
913 3615 1064 3670 alternum
1088 3603 1236 3670 Martialis
1250 3618 1340 3671 valde

185 3721 303 3778 dilexit.

223 3830 385 3884 Praeterea
405 3827 520 3882 for-mue
535 3826 798 3896 frequentissimae
820 3827 901 3898 apud
916 3827 1085 3884 Manialem
1101 3835 1173 3884 suut
1186 3830 1254 3884 hae:
1272 3828 1339 3884 AA'

185 3930 1354 4009 811325,ΑἈ880233,ΑΑ’8’8136,Α’8Α8Ί22οΑοΑ808103,8ΑοΑ80103,“

184 4043 353 4098 rarissimae
374 4043 442 4099 haer
467 4039 620 4111 S'SA‘A1‚
645 4038 798 4114 SAS'A‘5,
825 4039 979 4109 S'A'sss
1004 4040 1157 4114 ss'A'As,
1181 4041 1335 4117 A‘ss‘As

186 4151 302 4207 scilicet
323 4151 445 4205 eaedem
461 4151 524 4205 fere
539 4165 614 4218 quas
629 4148 664 4204 P.
681 4147 751 4202 Resi
767 4148 847 4217 apud
863 4149 993 4217 optimos
1007 4150 1160 4219 elegorum
1177 4151 1339 4220 scriptores

186 4258 316 4314 invenit.

226 4367 312 4424 Nunc
333 4372 434 4422 autem
456 4367 623 4421 videndum
654 4370 701 4420 est
722 4370 822 4420 utrum
856 4364 992 4418 erebrius
1023 4381 1078 4433 per
1109 4365 1339 4435 dispositionem
