3442 5392
760 545 935 604 ..13-

304 725 417 781 Contra
437 722 533 778 multo
554 722 650 778 maior
670 739 814 780 numerus
835 726 883 777 est
903 720 1101 777 distichorum
1115 721 1168 792 qui
1181 726 1343 794 utrumque
1359 745 1425 784 ver-

263 848 329 886 sum
350 847 480 900 aequum
501 828 662 884 exhibent:
686 847 756 884 nam
777 846 815 884 ex
837 829 913 883 1447
936 828 1120 883 hexametris
1141 829 1245 898 aequis
1261 832 1319 885 876
1334 831 1428 889 idest

265 939 356 1010 60,54
371 932 409 1013 ⁰7,
431 939 656 1007 pentametrum
677 934 812 990 eiusdem
834 935 955 1004 generis
976 935 1034 990 sibi
1056 936 1236 1005 adiungunt.
1255 937 1319 1008 (Sp.
1336 938 1423 1013 132,

263 1048 277 1101 I
300 1047 348 1116 64,
372 1046 402 1099 II
424 1046 473 1116 47,
497 1045 543 1098 III
565 1045 614 1114 46,
639 1044 682 1099 IV
705 1045 754 1112 49,
778 1044 805 1098 V
827 1045 877 1117 48,
901 1045 945 1100 VI
967 1045 1025 1115 54,
1049 1044 1107 1104 VII
1130 1046 1187 1114 60,
1212 1045 1287 1100 VIII
1309 1049 1359 1120 79,
1382 1048 1428 1102 IX

267 1155 337 1223 1013
360 1152 389 1206 X
412 1154 462 1222 713
485 1151 529 1205 XI
552 1152 601 1222 74,
625 1151 685 1204 XII
707 1152 757 1220 44,
780 1151 856 1205 XIII
879 1153 928 1221 42,
952 1151 1026 1205 XIV
1048 1151 1110 1220 65).

302 1259 384 1324 Quae
406 1275 475 1312 curn
496 1257 540 1312 ite
561 1257 633 1330 sint,
658 1274 696 1312 ne
718 1257 815 1312 altera
836 1256 958 1326 quidem
980 1257 1030 1311 lex
1052 1259 1275 1328 Hultgreniana
1297 1261 1365 1330 (l.l.
1389 1279 1421 1332 p.

225 1436 229 1446 ⁵
264 1367 317 1436 12)
339 1367 549 1420 hexametrum
577 1363 642 1418 sive
670 1363 853 1432 dactylicum
881 1363 946 1418 sive
971 1362 1168 1434 spondiacum
1196 1372 1420 1436 pentametrum

264 1472 398 1528 eiusdem
420 1476 547 1526 naturae
568 1487 603 1525 ac
624 1461 739 1526 formae
761 1469 820 1524 sibi
840 1468 1006 1540 adiungere
1029 1471 1111 1526 omni
1134 1488 1172 1527 ex
1192 1476 1279 1544 parte
1300 1491 1373 1529 vera
1393 1475 1425 1531 in

267 1579 405 1634 Martiale
426 1577 561 1634 videtur.

302 1686 359 1741 III.
376 1686 464 1742 Nunc
486 1685 523 1740 (16
544 1685 713 1740 hexametri
734 1684 866 1740 caesuris
887 1685 1073 1754 loquendum
1095 1689 1152 1744 est.

306 1791 447 1848 Omnium
462 1807 652 1846 caesurarum
667 1791 757 1860 longe
772 1790 972 1848 usitatissima
985 1791 1066 1861 apud
1087 1792 1259 1848 Martialem
1278 1798 1325 1848 est
1345 1811 1420 1864 pen·

266 1900 462 1957 themimeres
483 1898 548 1953 sive
570 1898 796 1971 semiquinaria,
813 1914 874 1968 qua
893 1901 963 1968 post
984 1897 1124 1967 quintum
1146 1899 1333 1969 semipedem
1354 1899 1421 1954 fini·
1469 1936 1473 1941 ·

265 2015 316 2066 tur
337 2007 476 2064 verbum.
500 2007 610 2062 Forma
631 2010 678 2062 est
698 2006 793 2062 haec:

387 2242 507 2292 barbara
525 2239 703 2305 pyramidum
723 2240 808 2290 sileat
826 2239 966 2289 miracula
983 2238 1125 2302 Memphis
1144 2239 1204 2303 (Sp.
1224 2239 1245 2289 1.
1266 2239 1280 2288 Ι
1300 2240 1337 2301 1).

305 2446 390 2504 Nihil
411 2463 487 2517 opus
508 2451 555 2502 est
576 2462 680 2502 omnes
698 2445 806 2502 afferre
828 2460 945 2519 versus,
963 2445 1016 2516 qui
1036 2446 1115 2500 hanc
1136 2443 1316 2500 incisionem
1338 2462 1424 2516 prae·

264 2556 349 2629 bent,
366 2572 434 2610 cum
455 2571 526 2609 mox
546 2569 696 2625 exponam
717 2551 882 2622 inquibus
903 2552 1043 2608 versibus
1063 2552 1196 2622 reliquas
1217 2569 1358 2608 caesuras
1372 2552 1424 2608 de·
1482 2558 1485 2562 '

263 2665 486 2736 prehenderim.

305 2771 572 2828 Penthemimeren
602 2775 703 2826 autem
733 2768 853 2840 saepius
878 2785 947 2823 eum
975 2769 1043 2824 aliis
1070 2769 1204 2826 caesuris
1232 2769 1426 2825 coniunctam

264 2879 380 2950 inveni,
398 2879 451 2934 sed
465 2895 532 2934 cum
553 2884 624 2950 post
644 2877 725 2932 arsin
751 2876 835 2932 tertii
856 2875 944 2949 pedis
958 2876 1140 2932 iucisionem
1156 2877 1350 2948 praecipuam
1365 2881 1425 2932 sta-

269 2991 387 3042 tueram
409 2991 493 3059 tum,
517 2986 644 3057 reliquIs
668 2985 801 3041 caesuris
824 2985 989 3055 neglectis,
1012 2985 1104 3040 unius
1125 2984 1358 3056 semiquinariae
1379 3001 1425 3038 ra-

264 3095 378 3150 tionem
400 3095 561 3150 habebam.
579 3093 793 3149 Semiteruaria
813 3093 895 3148 enim
917 3110 1035 3164 semper
1058 3092 1258 3148 subsidiariae
1279 3095 1345 3148 loco
1366 3097 1423 3164 cst,

267 3220 366 3272 neque
398 3202 487 3257 aliter
509 3202 545 3257 de
567 3218 691 3257 caesura
710 3199 849 3256 bucolica
871 3198 931 3255 dici
957 3204 1080 3274 potest,
1096 3217 1187 3269 quam
1207 3201 1299 3271 paulo
1325 3200 1427 3256 minus

266 3308 402 3380 sexagies
422 3307 553 3380 repperi.

310 3415 370 3470 Sed
390 3432 452 3470 non
472 3415 517 3470 ita
537 3431 661 3486 prorsus
676 3416 713 3470 de
728 3413 979 3486 semiseptenaria
1000 3412 1192 3468 sentiendum
1213 3418 1270 3470 est.
1287 3413 1428 3470 Concedo

268 3522 408 3592 equidem
429 3523 462 3577 in
483 3522 521 3578 iis
543 3522 683 3578 versibus
702 3522 755 3593 qui
775 3521 895 3576 utrovis
915 3520 1006 3576 modo
1029 3520 1126 3577 incidi
1146 3520 1264 3592 possint
1286 3521 1427 3593 semiqui-

265 3629 383 3684 nariam
398 3631 489 3701 longe
503 3629 747 3702 anteponendam
768 3645 845 3703 esse,
862 3628 949 3684 cuius
970 3629 1086 3686 formae
1107 3632 1279 3702 exemplum
1303 3629 1429 3701 praebet

266 3753 373 3794 versus
394 3736 460 3795 hice

389 3951 543 4018 contigeris
562 3953 682 4016 nostros,
705 3951 817 4017 Caesar,
839 3952 864 4003 si
882 3952 955 4002 forte
973 3952 1088 4003 libellos
1108 3952 1133 4015 (I
1153 3954 1222 4019 4,l).

310 4157 517 4231 Quinetiam,
542 4162 577 4212 ut
597 4157 709 4214 Plessis
732 4159 848 4228 (Traite
870 4157 908 4212 de
929 4159 1079 4228 matrique
1106 4175 1235 4228 grecque
1260 4162 1292 4214 et
1318 4158 1425 4230 latine,

268 4282 298 4335 p.
327 4266 364 4319 70
388 4281 432 4334 sq.
450 4266 546 4339 Paris,
572 4267 662 4336 1889)
685 4270 717 4320 61
738 4265 877 4320 Winbolt
900 4265 1003 4336 (Latin
1024 4266 1200 4322 hexameter
1219 4281 1315 4336 verse,
1339 4283 1371 4337 p.
1390 4267 1427 4320 89

269 4388 313 4442 sq.
338 4372 477 4446 London,
502 4375 591 4444 1903)
613 4373 791 4443 docuerunt,
815 4371 1032 4447 semiquinaria
1057 4371 1188 4430 validior
1215 4372 1355 4432 habenda
1381 4375 1428 4430 est
