3442 5392
702 587 877 650 -73-

212 763 301 822 trihr.
326 765 490 839 (1495915
514 767 573 836 375
599 769 650 839 39)
672 770 804 824 exstant.
828 767 977 823 19999919
999 767 1070 824 sede
1097 765 1208 838 viginti
1236 768 1370 839 quinque

208 873 336 944 spondei
357 872 473 944 insunt,
498 891 551 929 sex
571 874 664 929 iambi
686 875 712 946 (Ι
735 875 838 945 495335
864 875 913 945 395
936 875 982 929 III
1005 877 1087 947 14515
1110 876 1155 930 XI
1176 878 1259 948 59,1;
1285 877 1367 946 77515

209 982 251 1050 3)5
275 980 336 1035 (199
357 979 471 1050 dactyli
494 981 519 1050 (I
540 982 611 1051 4953
634 985 666 1037 99
680 984 720 1052 5).
737 982 773 1036 19
788 982 896 1050 quinta
910 982 981 1037 sede
995 982 1107 1053 viginti
1122 987 1266 1052 quattuor
1279 999 1367 1054 spon-

208 1087 258 1143 dei
280 1087 484 1158 reperiuntur,
507 1087 641 1157 quinque
662 1087 756 1143 iambi
776 1088 803 1158 (I
825 1088 909 1158 49515
934 1087 963 1159 35
987 1091 1016 1159 95
1033 1088 1077 1143 VI
1099 1091 1181 1161 12525
1204 1090 1249 1144 XI
1270 1088 1367 1160 7753)5

207 1197 351 1263 quattuor
371 1193 528 1264 anapaesti
548 1189 577 1271 (I
599 1195 703 1267 495295
728 1195 777 1265 335
801 1195 851 1264 415
875 1194 920 1248 XI
941 1194 1038 1265 59,1).

247 1304 449 1358 Transeamus
469 1318 551 1357 nunc
571 1301 610 1357 ad
631 1317 781 1358 caesuras.
806 1301 908 1357 Vicies
929 1301 1023 1357 octies
1047 1317 1203 1358 caesuram
1224 1302 1365 1373 semiqui-

207 1407 322 1464 nariam
344 1407 449 1464 inveni
470 1409 521 1464 vel
543 1408 637 1464 solam
659 1408 709 1463 vel
730 1408 835 1464 addita
855 1409 942 1463 velut
956 1408 1140 1465 subsidiaria
1154 1409 1365 1466 semiternaria

207 1520 260 1570 999
281 1513 539 1585 semiseptenaria,
552 1513 714 1585 quinquies
729 1515 756 1583 (Ι
771 1516 875 1585 495175
890 1515 939 1586 295
954 1515 1003 1585 335
1017 1515 1062 1570 XI
1073 1517 1155 1586 77515
1180 1517 1208 1586 3)
1224 1516 1367 1587 semisep

206 1623 365 1679 tenariam.

245 1728 363 1784 Deinde
385 1727 527 1783 elisiones
548 1744 625 1798 quae
646 1727 769 1799 proprio
783 1727 907 1782 nomine
922 1731 1069 1783 vocantur
1082 1726 1131 1782 his
1144 1727 1218 1787 locis
1232 1732 1365 1786 exstant:

205 1834 237 1889 in
257 1833 356 1905 primo
376 1833 454 1905 pede
475 1835 489 1888 Ι
512 1835 604 1904 49523
625 1835 666 1890 itt
686 1835 838 1906 1911991995
863 1835 896 1888 19
917 1835 1050 1890 secundo
1073 1834 1150 1906 pede
1171 1836 1186 1889 I
1207 1837 1299 1905 49527
1320 1839 1362 1892 91-

205 1943 273 1996 cta-a
294 1943 336 2013 19,
360 1940 392 1995 19
413 1945 521 2011 quarto
533 1942 610 2013 pede
631 1939 645 1994 1
668 1941 758 2010 49537
774 1940 939 2011 prandeat,
962 1941 995 1995 in
1010 1940 1116 2010 quinto
1136 1942 1214 2011 pede
1235 1942 1249 1995 Ι
1272 1944 1362 2014 49519

205 2047 308 2101 trama
329 2048 482 2118 1999919995
503 2047 559 2101 boc
582 2047 648 2100 loco
669 2044 854 2116 aphaeresis:
878 2045 911 2099 in
942 2045 1050 2114 quinto
1070 2046 1148 2116 pede
1169 2046 1184 2100 I
1205 2048 1296 2118 49541
1319 2065 1363 2102 rc·

205 2153 290 2207 licam
312 2157 364 2209 cst.
397 2152 558 2207 Praeterea
589 2150 701 2222 viginti
722 2166 830 2205 versus
850 2150 1004 2219 bisyllabo
1036 2151 1231 2221 clauduntur,
1253 2169 1363 2208 novem

203 2259 374 2330 trisyllaba,
396 2263 540 2329 quattuor
560 2257 772 2327 tetrasyllabo:
795 2263 827 2314 at
848 2263 993 2328 quattuor
1008 2275 1114 2314 versus
1137 2259 1163 2331 (I
1185 2260 1287 2329 495135
1314 2262 1363 2331 215

204 2365 253 2436 315
276 2365 321 2420 111
355 2366 439 2439 1453)
460 2365 558 2420 vocali
591 2363 678 2418 brevi
700 2368 805 2435 aperta
826 2363 987 2420 finiuntur.
1021 2362 1159 2434 Denique
1190 2365 1276 2420 nullo
1298 2366 1364 2421 1999

202 2485 258 2540 pro
278 2469 397 2541 syllaba
411 2470 501 2540 longa
524 2469 671 2524 Martialis
693 2467 822 2523 subiecit
844 2468 921 2524 duas
935 2469 1059 2525 ultimas
1073 2469 1181 2525 breves
1196 2471 1282 2526 verbi
1296 2472 1365 2542 plus

202 2567 292 2646 quam
308 2576 453 2647 bisyllabi
466 2581 519 2632 999
548 2574 685 2631 nltimam
706 2576 830 2632 brevem
853 2575 938 2631 verbi
959 2576 1140 2647 plusquam
1161 2578 1364 2647 monosyllabi

202 2695 263 2734 una
284 2694 352 2733 cum
365 2677 464 2749 prima
477 2677 564 2733 brevi
579 2676 667 2732 verbi
682 2677 837 2747 sequentis
857 2695 915 2732 nec
935 2694 1076 2747 umquam
1111 2677 1265 2733 senarium
1286 2679 1360 2735 lam·

201 2785 301 2841 bicum
324 2786 368 2840 ita
389 2783 549 2840 constituit
569 2789 604 2838 ut
623 2788 692 2856 post
713 2785 849 2856 singulos
870 2785 963 2856 pedes
985 2786 1079 2841 verba
1098 2786 1212 2840 finiret.

241 2892 324 2956 Quae
345 2908 413 2947 cnm
429 2892 473 2946 ita
487 2891 559 2961 sint,
577 2891 670 2946 etlam
685 2890 718 2945 in
732 2890 860 2947 senariis
874 2890 1013 2947 iambicis
1027 2891 1165 2963 exempla
1180 2891 1364 2963 optimorum

200 3005 359 3070 poetarum
381 2997 529 3054 Martialis
550 3003 671 3053 secutus
692 3003 749 3054 cst.

240 3106 294 3162 IV.
318 3107 383 3162 Iam
404 3111 499 3162 restat
521 3111 555 3161 ut
576 3104 614 3160 de
644 3121 736 3161 versu
767 3104 892 3161 sotadeo
913 3105 1068 3178 dicamus,
1092 3124 1181 3177 quem
1209 3108 1358 3165 Martialis

200 3213 295 3270 semel
315 3212 457 3268 adhibuit
478 3212 535 3281 (111
556 3211 619 3281 29).
643 3210 720 3266 Sunt
741 3209 865 3266 omnino
886 3213 947 3267 duo
969 3229 1074 3269 versus
1095 3230 1223 3282 quorum
1237 3215 1359 3269 schema

199 3321 256 3377 hoc
278 3325 346 3376 est:

498 3523 1062 3605 ss-uvL-vdLv-vss-

238 3747 351 3806 Versus
371 3749 512 3804 sotadeus
533 3749 652 3804 duobus
673 3747 811 3804 diffletris
833 3748 942 3804 ionicis
963 3753 1093 3817 constat,
1123 3764 1252 3817 quorum
1275 3764 1354 3802 unus

202 3859 397 3929 acatalectus,
414 3857 492 3913 alter
506 3856 699 3912 catalecticus
724 3862 780 3930 est,
804 3858 857 3912 sed
872 3857 1012 3913 omnibus
1026 3856 1149 3912 sedibus
1169 3856 1361 3912 ditrochaeus

195 3963 290 4036 recipi
310 3967 422 4035 potest.
445 3963 487 4018 At
507 3966 614 4034 poetae
635 3963 724 4018 latini
745 3962 806 4018 iam
826 3980 844 4017 a
865 3962 1001 4018 Petronii
1015 3968 1115 4019 aetate
1129 3963 1162 4018 in
1176 3963 1269 4018 tertia
1283 3962 1356 4017 sede

195 4077 315 4129 tanturn
337 4071 545 4126 ditrochaeum
576 4076 744 4142 posuerunt
775 4070 840 4143 (Ofr
860 4069 1019 4126 Gleditsch
1041 4072 1063 4129 l.
1085 4071 1107 4128 l.
1141 4088 1173 4142 p.
1197 4072 1256 4125 299
1278 4072 1351 4140 99),

195 4196 323 4248 quorum
344 4178 592 4235 consuetudinem
615 4179 764 4234 Martialis
786 4178 931 4234 servavit.
955 4179 1087 4235 Caesura
1101 4185 1171 4250 post
1192 4178 1356 4235 dImetrum

198 4286 342 4358 priorem,
365 4292 401 4343 ut
421 4304 476 4359 par
496 4291 554 4358 est,
578 4287 744 4343 invenitur.

674 4454 886 4465 ..u——
