3442 5392
261 1615 307 1674 De
328 1615 505 1675 hexametro
526 1618 670 1692 heroico,
693 1635 780 1692 quem
804 1619 954 1680 Martialis
974 1621 1006 1677 in
1027 1620 1123 1694 epigr.
1147 1623 1160 1676 Ι
1182 1623 1242 1690 53,
1265 1621 1294 1674 11
1318 1620 1377 1689 73,

220 1725 262 1780 VI
285 1725 334 1796 64,
358 1725 417 1782 VII
439 1727 477 1784 98
499 1726 641 1784 adhibuit
662 1744 715 1784 sex
736 1733 767 1784 66
788 1729 989 1799 quadraginta
1010 1745 1117 1784 versus
1138 1728 1262 1782 omnino
1283 1727 1378 1781 ronti-

217 1831 375 1903 nentibns,
398 1833 504 1904 paucis
525 1833 733 1891 disserendum
756 1840 812 1890 est.

256 1936 392 1992 Primum
404 1939 526 2010 quidem
539 1940 728 2012 dactylorum
740 1947 771 1997 et
782 1942 983 2013 spondeorum
996 1940 1176 1996 vicissitudo
1190 1940 1223 1994 in
1237 1944 1380 2010 quattuor

216 2043 371 2116 prioribus
391 2046 521 2117 pedibus
542 2047 617 2103 haec
638 2053 697 2105 est:
721 2049 793 2104 ddss
815 2052 844 2118 7,
868 2050 942 2104 6868
964 2050 993 2117 6,
1009 2048 1122 2116 68886,
1139 2047 1249 2116 88685,
1266 2047 1377 2115 86885,

215 2149 293 2206 6686
317 2153 347 2223 3,
370 2152 443 2208 6886
466 2153 494 2227 3,
519 2154 591 2209 8866
614 2157 642 2226 2,
666 2155 744 2210 6668
765 2158 794 2225 2,
819 2171 880 2210 8888
903 2158 932 2225 2,
954 2154 1088 2226 66661,
1112 2153 1235 2223 86681,
1259 2152 1376 2223 86861,

217 2256 347 2327 86661,
371 2259 438 2314 8886
461 2265 490 2318 1.
513 2260 691 2316 Hexamctri
713 2261 856 2332 dactylici
878 2267 950 2317 8666
971 2263 1001 2330 7,
1024 2261 1180 2331 spondiaci
1204 2262 1263 2332 19,
1288 2258 1378 2328 acqui

216 2366 266 2421 20.
289 2365 412 2422 Habent
433 2367 466 2421 in
487 2368 587 2439 primo
607 2369 686 2440 pede
707 2369 864 2438 dactylum
885 2385 938 2423 vv.
964 2369 1013 2437 28,
1037 2368 1203 2438 spondeum
1220 2369 1269 2435 18,
1285 2366 1316 2420 66
1332 2383 1376 2420 86-

213 2471 313 2526 66666
333 2474 412 2546 6666
434 2474 589 2544 dactylum
611 2493 663 2532 vv.
688 2478 724 2531 21
748 2476 915 2547 spondeum
937 2477 987 2544 25,
1010 2474 1043 2529 66
1063 2474 1153 2528 tertio
1174 2474 1251 2544 pede
1272 2473 1376 2543 dacty-

213 2576 276 2632 lum
299 2593 351 2633 vv.
376 2580 425 2648 18,
449 2579 618 2651 spondeum
641 2583 690 2651 28,
713 2582 746 2637 66
767 2585 876 2652 666666
890 2581 967 2652 pede
981 2581 1136 2650 dactylum
1152 2596 1204 2635 vv.
1221 2582 1271 2649 12,
1287 2597 1375 2650 8666-

209 2682 298 2739 deum
323 2686 372 2742 34.
396 2683 474 2742 Sunt
495 2687 619 2742 omnino
640 2687 673 2743 in
694 2693 839 2759 quattuor
859 2688 1014 2760 prioribus
1035 2686 1165 2757 pedibus
1186 2684 1301 2755 dactyli
1323 2687 1371 2751 73,

209 2791 336 2861 8666666
359 2795 428 2851 105.

251 2899 382 2970 Deinde,
395 2904 430 2955 ut
441 2899 480 2955 ad
495 2918 634 2958 caesuras
648 2907 851 2972 transeamus,
869 2900 1115 2970 semiquinariam
1130 2899 1310 2970 quadragies
1324 2904 1371 2955 ter
1443 2920 1445 2923 ·

209 3003 325 3073 inveni,
339 3003 616 3077 semiseptenariam
639 3023 701 3062 una
723 3023 791 3063 cum
813 3004 1022 3062 semiternaria
1043 3009 1075 3061 66
1095 3005 1188 3060 tertia
1215 3005 1367 3060 trochaica

209 3115 256 3166 ter
278 3113 376 3181 (153,
400 3115 449 3184 12,
473 3114 503 3167 ΙΙ
525 3115 575 3183 73,
598 3116 629 3182 1,
652 3113 695 3168 VI
718 3115 767 3182 64,
791 3115 851 3185 20).

246 3217 407 3275 Praeterea
427 3220 545 3293 primus
565 3237 620 3292 668
638 3226 685 3276 ter
698 3221 793 3276 verbo
807 3221 973 3294 spondiaco
987 3221 1137 3291 expletur,
1154 3220 1253 3276 decies
1267 3221 1370 3290 dacty-

211 3324 281 3396 lico,
305 3332 413 3396 qnater
433 3328 553 3384 dnobus
573 3328 802 3402 monosyllabis,
826 3328 938 3398 quibus
958 3328 1006 3384 bis
1018 3329 1071 3397 (VI
1087 3330 1169 3399 64,1;
1185 3329 1235 3399 24)
1245 3327 1369 3383 tertium

205 3433 446 3504 monosyllabum
470 3433 616 3490 succedit.
641 3435 677 3488 In
709 3433 799 3490 tertia
828 3433 890 3490 arsi
915 3439 962 3488 ter
985 3433 1226 3503 monosyllabum
1247 3432 1364 3502 inveni,

203 3538 298 3594 semel
319 3539 373 3610 (Vl
395 3541 497 3610 64,18)
519 3541 616 3595 altero
637 3540 846 3611 monosyllabo
867 3540 1068 3612 praecedente
1089 3544 1121 3594 et
1141 3539 1188 3594 bis
1217 3540 1244 3611 (I
1272 3541 1363 3608 53,ss

202 3651 233 3702 66
253 3646 297 3703 VI
319 3648 421 3718 64,23)
443 3648 537 3703 verbo
551 3647 751 3719 pyrrichiaom
769 3649 801 3704 in
817 3654 925 3720 quarta
939 3648 1000 3704 arsi
1014 3647 1107 3704 semel
1122 3648 1364 3718 monosyllabum

200 3753 478 3824 (V164,16)verho
498 3754 688 3825 pyrrichiaeo
708 3754 921 3812 antecedente.
938 3754 1024 3811 Finis
1037 3754 1124 3810 verbi
1138 3759 1208 3826 post
1222 3761 1363 3824 quartum

200 3861 310 3933 pedem
325 3862 522 3934 spondiacum
537 3862 699 3919 duodecies
713 3864 881 3934 invenitur,
897 3869 967 3936 post
981 3869 1122 3934 quartum
1137 3865 1244 3934 pedem
1260 3864 1364 3933 dacty-

201 3967 294 4023 licum
304 3967 362 4037 bis,
378 3973 448 4040 post
468 3973 610 4039 quartum
631 3969 807 4026 trochaeum
828 3970 991 4041 quinquies
1007 3969 1062 4041 (VI
1078 3971 1160 4040 64,3;
1178 3972 1227 4040 243
1246 3972 1295 4040 253
1313 3972 1362 4039 303

201 4073 260 4130 VII
282 4073 378 4145 98,1).
402 4074 489 4130 Duae
510 4091 652 4131 caesurae
673 4075 844 4132 trochaicae
865 4075 898 4129 in
918 4074 967 4130 his
988 4074 1127 4131 versibus
1154 4079 1292 4131 exstant:
1321 4075 1364 4130 VI

202 4182 280 4251 64,ss
296 4181 370 4252 (866.
391 4186 423 4238 66
444 4182 569 4253 quint),
593 4184 630 4239 20
652 4183 758 4255 (tertia
778 4188 810 4240 et
831 4181 956 4254 quint),
979 4185 1017 4238 25
1040 4184 1161 4254 (quarta
1183 4187 1215 4237 66
1235 4181 1359 4252 quint),

200 4287 259 4342 VII
281 4288 352 4357 98,1
376 4287 449 4358 (866.
472 4291 505 4346 et
523 4288 656 4358 quarta).
681 4287 854 4345 Clausulam
876 4288 1058 4358 bisyllabam
1078 4287 1174 4344 vicies
1195 4288 1293 4344 sexies
1317 4285 1363 4340 in-

200 4395 283 4466 veni,
308 4394 499 4464 trisyllabum
521 4396 617 4452 octies
636 4395 748 4467 666668,
771 4396 1012 4468 pentasyllabam
1033 4397 1127 4452 semel
1150 4398 1284 4467 (153,5),
1301 4412 1362 4450 mo·
