3442 5392
721 581 894 640 ,35-

271 756 410 827 Denique
432 757 579 813 vocabula
599 756 631 810 iu
652 757 800 827 syllabam
826 754 989 826 ancipitem
1010 755 1151 810 exeuntia
1171 759 1241 809 aute
1263 755 1382 808 vocales

228 861 338 918 breves
352 863 400 918 hIs
415 863 488 918 locis
502 863 594 919 elisit:
611 863 755 934 inprime
772 863 851 917 thesi
867 863 909 917 IV
922 864 1004 931 31,9;
1022 861 1094 916 VIII
1109 862 1211 930 55,23;
1227 861 1255 915 X
1271 861 1333 930 6,3;
1350 861 1365 913 7
1371 879 1379 929 3

228 969 272 1023 XI
293 970 376 1040 83‚1;
399 970 458 1024 XII
479 971 542 1043 9,3;
567 973 649 1043 27,1;
672 971 745 1026 XIV
767 973 849 1041 21‚1;
867 971 898 1024 iu
912 969 1004 1024 tertia
1017 968 1096 1023 thesi
1112 968 1184 1022 VIII
1200 969 1281 1039 37,3;
1305 971 1377 1021 aute

228 1077 345 1146 longas:
362 1076 394 1131 in
408 1078 540 1132 secunda
555 1078 615 1133 ersi
635 1079 649 1132 I
672 1079 734 1148 9,1;
758 1077 790 1132 in
811 1082 897 1131 sexta
918 1076 979 1130 arsi
1001 1077 1059 1129 XII
1077 1077 1159 1145 25,1.

267 1185 304 1238 Ι3
326 1184 504 1240 elisionibus
523 1202 641 1255 quoque
656 1185 906 1240 consuetudinem
919 1185 1103 1254 optimorum
1122 1186 1281 1253 poetarum
1302 1184 1379 1236 Mar-

228 1292 312 1347 tialis
333 1296 454 1348 secutus
474 1297 530 1347 est.
556 1293 659 1362 Neque
680 1293 761 1348 enim
783 1291 1026 1360 monosyllabum
1046 1291 1078 1346 in
1099 1307 1205 1349 versus
1226 1291 1377 1362 principle

227 1400 359 1470 potitum
383 1416 525 1469 umquem
546 1401 649 1472 elisit,
673 1400 778 1454 autin
800 1400 933 1454 secunde
961 1399 1056 1469 thesi,
1087 1399 1192 1453 autin
1217 1399 1308 1453 tertia
1328 1403 1381 1452 aut

227 1506 260 1562 iu
282 1506 409 1578 quint-e,
433 1523 488 1560 uec
509 1505 540 1560 in
572 1507 663 1560 tertia
683 1505 744 1561 arsi
771 1505 930 1574 longarum
951 1504 1100 1559 vocalium
1127 1504 1269 1558 elisiones
1301 1522 1381 1560 rece·
1496 1553 1500 1557 .

227 1614 285 1684 pit.
310 1613 544 1669 Tolerabiliores
564 1619 636 1668 sunt
655 1612 798 1668 elisiones
825 1612 976 1667 vocalium
997 1612 1135 1667 brevium
1156 1613 1189 1666 in
1210 1613 1301 1666 tertia
1321 1612 1382 1668 arsi

225 1726 257 1776 et
277 1719 309 1774 in
330 1721 437 1790 quinta
457 1721 557 1793 thesi,
581 1737 655 1790 quas
679 1725 726 1775 ter
750 1724 870 1775 tautum
892 1718 952 1773 sibi
979 1719 1127 1789 permisit.
1151 1720 1186 1773 In
1214 1725 1299 1774 sexta
1318 1720 1381 1774 arsi

227 1827 369 1884 elisiones
398 1845 538 1898 magnam
562 1828 676 1882 habeut
702 1827 921 1895 offensionem,
951 1827 1004 1882 sed
1032 1825 1180 1881 Martialis
1206 1826 1254 1881 bis
1285 1826 1382 1881 solum

224 1935 281 1988 hac
302 1935 334 1988 in
356 1934 426 1990 sede
447 1933 547 1990 elisIt:
570 1934 600 1986 II
622 1936 692 2004 56,1
714 1934 790 1988 mele
811 1935 907 2006 caudit,
930 1939 961 1988 et
985 1934 1045 1989 XII
1067 1937 1137 1999 25,1
1160 1935 1249 1987 babeo
1270 1933 1378 2004 inquis.-

227 2044 260 2094 at
281 2040 313 2094 in
335 2045 420 2096 sexta
440 2039 500 2094 arsi
528 2039 636 2110 opt-imi
656 2045 765 2111 poetae
787 2041 883 2094 solum
913 2057 1001 2094 voces
1025 2041 1216 2112 hastaeque,
1241 2058 1305 2112 que,
1327 2041 1378 2111 a'be',

225 2147 286 2218 ubi,
302 2148 374 2220 elne,
397 2147 484 2214 mele,
506 2147 575 2215 3131,
592 2145 704 2200 elidere
724 2145 807 2216 passi
828 2151 908 2208 sunt.
925 2163 1016 2216 quam
1037 2147 1076 2201 ob
1098 2164 1161 2201 rem
1181 2146 1303 2201 illarum
1323 2147 1376 2201 eli-

224 2253 343 2309 sionum
363 2253 447 2325 prior
468 2251 638 2308 excusanda
659 2253 1275 2324 33133111133131131113113111113131.13
1296 2259 1381 2309 sexta

223 2361 303 2416 thesi
325 2377 480 2430 uunquam
501 2357 649 2413 Martialis
670 2358 763 2430 elisit,
780 2359 963 2431 optimorum
977 2367 1135 2432 poetarum
1149 2361 1320 2433 exemplum
1335 2378 1380 2416 se-

223 2473 311 2524 cutus
326 2467 402 2538 (err.
420 2470 456 2525 L.
472 2469 609 2535 Mueller,
627 2467 728 2522 Ueber
741 2467 791 2522 die
805 2467 922 2523 Elisiou
943 2484 991 2523 313
1013 2469 1098 2524 Ende
1112 2470 1166 2525 des
1180 2469 1380 2525 lateinischen

219 2578 426 2649 Hexameters,
455 2577 581 2648 Jahrbb,
607 2580 630 2636 f.
654 2578 684 2634 d.
715 2576 808 2631 klass.
840 2577 920 2632 Phil.
950 2578 1013 2632 und
1035 2578 1109 2632 Piid.
1132 2578 1255 2650 LXXV,
1282 2580 1370 2646 1857,

222 2702 253 2755 p.
277 2684 388 2740 481-87
410 2689 442 2738 31
462 2683 498 2740 G.
522 2684 672 2758 Eskuche,
696 2685 755 2739 Die
776 2683 932 2739 Elisiouen
953 2685 986 2738 iu
1007 2685 1066 2739 den
1088 2687 1105 2738 2
1126 2685 1238 2740 lettten
1260 2686 1376 2740 Fiissen

222 2791 276 2848 des
296 2791 495 2848 lateinischeu
516 2793 713 2848 Hexametors
742 2809 802 2847 133
823 2793 941 2847 Ennius
964 2792 1011 2846 bis
1025 2791 1234 2847 Walahfridus
1255 2792 1375 2866 Strabo,
1486 2808 1488 2811 ·

221 2900 330 2956 RheIn.
354 2901 490 2956 Museum
511 2902 606 2973 XLV,
631 2904 719 2974 1890,
742 2920 773 2973 p.
799 2901 1137 2970 236-6431385-418).

262 3006 320 3062 Sed
341 3007 469 3062 multum
491 3007 620 3064 interest
641 3025 701 3062 nou
723 3007 818 3062 solum
840 3025 901 3077 qua
921 3008 953 3061 in
974 3007 1045 3062 sede
1067 3007 1209 3062 elisiones
1222 3006 1308 3080 fiant,
1324 3026 1376 3065 13-

220 3129 287 3166 rum
309 3111 400 3166 etiem
422 3129 499 3182 quae
520 3114 736 3168 vocabulorum
756 3130 869 3185 genera
889 3113 1043 3168 elidantur
1065 3113 1140 3184 (Cfr.
1165 3116 1201 3170 L.
1225 3116 1374 3187 Mueller,

222 3220 269 3275 De
290 3235 323 3274 re
345 3219 480 3292 metrica,
504 3220 670 3292 Petropoli,
696 3221 784 3292 1894,
808 3237 838 3290 p.
863 3221 921 3275 339
936 3222 1025 3289 sqq).
1042 3220 1184 3275 Omnium
1198 3222 1377 3278 durissimae
1395 3255 1400 3263 ·

221 3327 364 3382 elisiones
385 3332 456 3382 sunt
477 3329 693 3384 vocabulorum
707 3327 906 3383 iembieorum
919 3333 974 3382 aut
987 3328 1177 3398 ereticorum,
1195 3347 1321 3398 quarum
1336 3348 1376 3385 ne

223 3451 317 3489 unum
338 3434 462 3504 quidem
477 3436 646 3507 exemplum
662 3435 742 3506 apud
764 3435 934 3490 Martialem
955 3435 1071 3490 inveni.
1088 3435 1130 3489 At
1151 3437 1323 3506 spondiacis
1343 3437 1377 3492 in

212 3540 303 3610 longa
325 3545 413 3594 acuta
435 3539 583 3596 elidendis
604 3558 665 3596 non
686 3541 809 3596 omnino
830 3540 856 3594 is
878 3557 910 3595 se
931 3540 1095 3598 abstinuIt:
1118 3542 1174 3598 cfr.
1191 3543 1218 3598 V
1231 3545 1322 3614 16,13
1344 3551 1376 3601 31

219 3647 263 3700 XI
285 3649 369 3717 32,5.
394 3647 507 3702 Contra
527 3647 559 3700 in
580 3645 706 3703 elisione
728 3647 917 3717 dactylorum
938 3649 1031 3703 semel
1052 3649 1201 3719 peccavit:
1224 3650 1268 3703 XI
1291 3653 1372 3727 20,5,

219 3755 272 3810 sed
286 3754 367 3810 hunc
382 3772 504 3810 versum
519 3754 669 3810 Martialis
682 3755 820 3826 Augusto
835 3754 944 3810 tribuit
965 3761 996 3811 et
1017 3755 1049 3810 in
1069 3755 1158 3811 initio
1179 3774 1286 3812 versus
1299 3759 1377 3814 hanc

219 3862 375 3918 elisionem
398 3863 456 3918 sibi
478 3863 617 3933 permisit
638 3863 713 3933 (cfr.
737 3863 767 3916 J.
792 3863 948 3937 Draheim,
973 3865 1019 3917 De
1040 3863 1230 3934 arte0vidii,
1248 3866 1374 3921 Hermes

217 3984 248 4038 p.
273 3969 330 4023 253
353 3985 418 4038 sqq.
444 3970 544 4039 1879).
577 3970 681 4038 Neque
705 3986 778 4024 1313
802 3969 993 4039 pyrricbiaca
1018 3970 1051 4025 in
1072 3987 1092 4023 e
1122 3972 1172 4024 vel
1193 3988 1210 4024 o
1232 3989 1374 4041 umquam

218 4073 310 4144 elisit,
333 4081 454 4144 praeter
474 4075 528 4130 illa
541 4075 710 4144 antiquitus
731 4080 870 4145 correpta
890 4081 922 4131 et
941 4076 1140 4130 usitatissima
1162 4094 1212 4146 eqo
1233 4081 1264 4131 et
1278 4078 1371 4133 113133.

217 4180 257 4235 At
272 4181 424 4236 trochaica
438 4181 502 4237 slve
517 4181 645 4252 simplici
667 4181 764 4236 vocali
786 4181 850 4236 slve
864 4182 982 4236 adiecta
996 4199 1024 4235 m
1044 4181 1126 4236 haud
1141 4199 1208 4236 raro
1230 4183 1261 4236 in
1283 4184 1373 4252 longa

218 4292 306 4342 acuta
332 4288 444 4343 elidere
472 4288 637 4356 sustiuuit,
660 4288 740 4357 quod
762 4305 822 4343 non
843 4288 926 4341 omni
948 4286 1113 4343 offensione
1135 4293 1227 4360 caret,
1252 4289 1371 4344 331113-

218 4410 287 4450 men
307 4412 369 4450 non
389 4411 512 4466 prorsus
526 4395 757 4467 improbandum
772 4399 829 4452 est.
846 4395 1006 4452 Praeterea
1019 4395 1052 4450 in
1073 4397 1159 4451 brevi
1181 4396 1274 4451 semel
1289 4396 1372 4452 elisit
