3442 5392
811 608 988 677 ..88-

320 795 409 866 1895)
431 793 534 848 docuit
554 807 622 848 raro
643 799 748 866 poetas
768 795 880 850 latinos
902 794 1102 864 quantitatem
1118 794 1273 850 nominum
1289 787 1479 866 propriorum

320 900 481 956 immutare
502 916 591 956 ausos
613 917 689 958 esse.

361 1007 407 1062 De
435 1005 583 1060 Martialis
610 1012 675 1062 arte
703 1007 829 1062 metrica
851 1007 999 1078 optimum
1021 1005 1167 1061 iudicium
1187 1006 1262 1060 iecit
1283 1006 1317 1062 0.
1342 1007 1479 1063 Ribbeck

319 1113 509 1182 (Geschichte
525 1113 579 1167 der
589 1113 758 1168 riimischen
780 1114 937 1185 Diohtnng
950 1115 996 1168 111
1010 1131 1041 1185 p.
1056 1115 1123 1185 285,
1141 1113 1293 1183 stuttgart
1309 1116 1409 1185 1892),
1426 1114 1480 1169 sed

320 1219 379 1276 viri
400 1220 565 1276 doctissimi
589 1222 741 1276 sententio
767 1221 811 1275 ita
830 1220 1038 1290 intellegenda
1058 1226 1105 1276 est
1125 1226 1162 1276 nt
1181 1220 1330 1275 Martialis
1354 1197 1484 1292 propter

318 1326 500 1396 elegantiam
516 1327 612 1380 multo
633 1325 756 1396 propior
768 1326 878 1380 Ouidio
897 1342 986 1396 quam
1002 1325 1122 1380 Catullo
1136 1326 1295 1397 habeatur3
1319 1326 1402 1396 quod
1420 1327 1479 1382 hoc

319 1429 422 1486 libello
444 1431 666 1486 demonstrasse
686 1429 761 1484 mihi
782 1429 900 1487 videor.

621 3248 820 3304 ADDENDA
841 3251 894 3306 ET
915 3250 1174 3307 CORRlGENDA

363 3410 478 3481 Pagina
499 3411 528 3465 7.
546 3410 591 3463 De
602 3408 726 3465 distichi
739 3410 866 3482 elegiaci
881 3417 991 3467 natura
1004 3418 1035 3467 ct
1049 3411 1081 3468 vi
1095 3411 1133 3466 de
1147 3429 1244 3481 eoque
1257 3411 1337 3481 quod
1351 3412 1481 3467 interest

323 3519 404 3574 inter
424 3517 631 3572 hexametrum
657 3515 820 3586 elegiacum
844 3523 876 3574 et
895 3517 1050 3573 heroicum
1071 3517 1187 3589 optime
1213 3517 1421 3574 disseruerunt
1441 3517 1477 3572 P.

322 3625 393 3680 Rasi
416 3623 593 3691 (Bollettino
614 3623 646 3677 di
667 3622 725 3679 Pil.
749 3624 836 3679 class.
861 3626 876 3678 I
897 3641 928 3696 p.
955 3626 993 3679 45
1023 3642 1069 3694 sq.
1094 3627 1183 3697 1894)
1204 3629 1236 3680 ct
1257 3626 1296 3679 K.
1320 3627 1356 3679 F.
1381 3625 1479 3680 Smitlr

324 3731 495 3802 (American
517 3729 645 3785 Journal
665 3729 700 3783 of
719 3729 878 3800 Philology
899 3731 988 3784 XXII
1008 3748 1041 3801 p.
1066 3733 1122 3786 165
1145 3748 1190 3801 sq.
1216 3733 1316 3803 1901).

362 3837 478 3908 Pagina
503 3838 539 3891 25
562 3838 583 3891 l.
608 3839 636 3892 8.
660 3839 706 3892 Dc
726 3854 801 3893 voce
823 3837 1027 3910 Harpyiaeque
1055 3838 1110 3894 cfr.
1140 3838 1176 3892 L.
1208 3838 1372 3903 Quioherat
1400 3839 1478 3894 'Phe-

324 3961 430 4002 saurus
451 3945 588 4015 poeticns
609 3944 732 4016 linguae
752 3943 878 4014 latinae,
901 3961 932 4015 p.
956 3946 1026 4017 484,
1050 3945 1137 4000 Paris
1166 3945 1255 4000 1906.

364 4054 479 4124 Pagina
501 4055 549 4121 27,
573 4051 593 4106 l.
618 4054 654 4106 27
676 4051 755 4121 lege:
779 4053 995 4122 exprobrando.

365 4159 481 4227 Pagina
502 4161 539 4215 30
560 4159 624 4212 tab.
648 4157 774 4212 Formae
789 4160 817 4212 D
831 4158 864 4212 in
879 4160 900 4213 l.
918 4159 946 4212 X
961 4163 1082 4213 exstant
1097 4160 1114 4214 8
1128 4158 1276 4228 exempla,
1293 4159 1407 4213 formae
1422 4159 1446 4213 E
1462 4162 1479 4215 9

326 4286 374 4324 cx.
392 4271 426 4322 ut
447 4267 562 4321 formae
578 4267 605 4320 D
627 4281 744 4321 summa
764 4266 805 4320 sit
827 4267 884 4322 181
900 4265 982 4337 (5‚47
997 4261 1045 4339 ⁰s0)
1060 4270 1091 4320 et
1104 4266 1219 4320 formae
1233 4267 1257 4319 E
1274 4266 1311 4320 54
1327 4266 1409 4335 (1,63
1420 4263 1479 4338 010).
