3442 5392
712 390 887 453 ..27-

259 569 411 626 Praebent
441 571 570 640 formam
591 569 618 625 A
640 569 672 624 hi
692 587 817 627 versus:
841 570 893 643 Sp.
916 571 938 626 l.
963 573 1075 643 27,11;
1101 571 1131 624 II
1161 571 1252 643 32,1;
1278 566 1371 641 53,1;

220 675 302 749 84,3;
326 677 372 731 III
394 677 475 748 32,3;
499 677 542 732 IV
568 677 649 748 45,7;
674 677 756 745 47‚1;
786 677 878 748 6¹),53
903 677 995 748 87,3;
1018 676 1046 732 V
1069 677 1141 746 3‚5;
1166 676 1256 749 13,3;
1282 675 1373 749 33‚1;

218 783 301 854 47‚1;
327 783 408 854 83,1;
433 784 476 838 VI
499 783 560 854 7‚3;
586 783 668 853 40,3;
693 782 751 837 VII
773 785 855 854 28,9:
881 784 962 855 44,1;
987 784 1060 838 VIII
1082 785 1183 853 50,11;
1210 785 1301 851 67.1;
1332 782 1376 837 IX

221 889 281 956 8‚1;
308 889 388 959 14,3;
414 889 495 958 20,3;
522 890 621 959 35‚11;
647 891 728 962 41,5;
753 891 854 961 56,11;
870 890 951 960 67,7;
970 891 1051 959 93,5;
1068 890 1098 942 X
1112 891 1173 961 4,5;
1192 890 1273 958 10,9;
1291 889 1373 962 23,7;

143 1071 145 1074 Ι
220 993 301 1066 31,5;
327 995 409 1068 80,3;
434 995 478 1049 XI
500 997 581 1066 21,9;
606 997 687 1066 52,1;
713 996 804 1066 76,3;
829 997 923 1066 83,1;
948 997 1058 1069 84,17;
1081 997 1141 1052 XII
1163 998 1254 1069 17,9;
1280 997 1372 1067 28,1;

220 1101 301 1173 48,5;
327 1103 355 1170 93
381 1102 462 1173 78,1;
488 1103 569 1172 82,1;
596 1102 676 1172 88,1;
702 1102 774 1156 XIV
797 1103 878 1172 15‚1;
904 1103 985 1174 62,1;
1011 1104 1092 1173 75,1;
1117 1103 1245 1158 formam
1266 1101 1304 1159 D:
1321 1101 1373 1171 Sp.

219 1207 241 1259 l.
267 1209 328 1276 1,5;
352 1207 383 1260 II
405 1209 487 1278 29,5;
513 1209 594 1278 38,1;
620 1209 701 1278 61,3;
725 1208 768 1262 IV
791 1209 873 1280 79,1;
898 1209 980 1281 88,7;
997 1209 1024 1263 V
1047 1210 1128 1278 eat,
1152 1210 1195 1264 VI
1218 1210 1298 1278 61,3;
1316 1208 1376 1263 VII

219 1314 300 1382 30,5;
325 1316 407 1384 53,5;
432 1315 505 1369 VIII
528 1315 635 1386 55‚23;
660 1315 704 1368 IX
726 1317 817 1384 59,9;
842 1316 872 1369 X
893 1317 964 1388 4,9;
990 1317 1083 1387 46,1;
1109 1317 1200 1385 68,1;
1224 1316 1268 1370 XI
1291 1317 1372 1386 95,1;

216 1413 276 1468 XII
298 1417 380 1488 50,1;
405 1416 477 1470 XIV
500 1417 601 1486 215,1,
625 1415 752 1470 formam
774 1417 811 1470 E:
835 1415 886 1486 Sp.
910 1415 931 1471 l.
956 1419 1106 1490 1,7;12,5;
1131 1418 1213 1489 28,9;
1237 1417 1267 1470 II
1290 1418 1372 1489 40,1;

216 1515 260 1570 IV
281 1518 363 1588 51,1;
389 1517 469 1588 66,1;
495 1517 576 1585 80‚3;
603 1517 683 1586 88‚3;
708 1518 735 1572 V
757 1516 996 1589 81,1;V154,1;
1015 1518 1096 1586 aaa,
1115 1519 1197 1590 77,3;
1216 1519 1373 1588 94,1;V11

216 1619 298 1690 59,1;
322 1619 366 1672 IX
389 1620 469 1690 68,7;
494 1621 522 1672 X
538 1621 618 1691 11,1;
637 1619 877 1687 60‚1;X184,5;
902 1622 983 1688 90,5;
1000 1620 1072 1675 XIV
1089 1621 1190 1691 128,1.

254 1728 323 1784 Nou
345 1744 449 1783 omnes
470 1728 527 1782 hae
549 1727 700 1782 clausulae
723 1727 876 1797 legitimae
898 1729 1106 1798 agnoscendae
1127 1733 1209 1783 sunt.
1240 1729 1284 1783 Ac
1305 1729 1366 1800 pri-

212 1851 296 1888 mum
317 1832 439 1903 quidem
461 1833 622 1886 maximam
636 1833 833 1888 offensionem
847 1830 973 1902 praebet
987 1833 1085 1888 ferma
1098 1835 1134 1902 Ε,
1151 1834 1204 1888 sed
1221 1833 1368 1890 Martialis
1403 1881 1408 1889 .

212 1940 329 2010 aliquid
351 1939 553 1995 excusationis
575 1956 611 1994 eo
632 1939 725 1994 habet
745 1940 825 2009 quod
846 1945 894 1994 ter
914 1939 1015 1993 decies
1035 1939 1210 1994 nominibus
1236 1939 1369 2010 propriis

214 2067 288 2106 usus
310 2054 357 2105 est
377 2053 468 2118 atque
490 2049 583 2102 semel
605 2065 711 2103 vocem
725 2049 891 2119 fraqiferai
913 2048 968 2120 (XI
990 2050 1073 2120 90,5)
1094 2049 1197 2118 posuit
1223 2053 1258 2102 ut
1287 2065 1368 2103 ama·

211 2164 293 2212 tores
313 2156 481 2228 priscorum
502 2160 659 2225 poetarum
680 2154 842 2210 derideret.
868 2153 986 2210 Deinde
1007 2154 1121 2208 formae
1143 2155 1182 2226 D,
1213 2171 1282 2208 cum
1306 2169 1368 2209 vox

213 2264 421 2333 monosyllaba
441 2261 610 2333 antecedat,
634 2263 692 2316 hae
713 2260 866 2316 clausulae
887 2260 1060 2331 displicent:
1083 2260 1112 2313 X
1133 2261 1183 2332 46,
1208 2264 1224 2315 1
1247 2262 1294 2316 die
1314 2263 1369 2317 cl‘e

213 2370 341 2442 quaetio,
365 2369 394 2422 X
416 2369 485 2441 68,1
502 2373 554 2422 aut
568 2367 718 2440 Mitylene,
734 2367 806 2422 XIV
823 2368 1154 2439 215,1eteitleareedie,
1172 2367 1225 2422 sed
1236 2368 1368 2424 alterum

212 2476 318 2530 horum
331 2474 536 2546 exemplorum
550 2478 674 2546 propter
687 2491 797 2528 nomen
812 2474 967 2544 proprium
981 2475 1112 2543 quodam
1128 2475 1216 2530 modo
1231 2477 1368 2531 excusari
1420 2471 1422 2474 ’

212 2587 324 2654 potest.
348 2581 475 2652 ReIIqua
495 2582 586 2636 huius
606 2581 722 2636 formae
744 2583 883 2652 exempla
903 2581 936 2634 in
957 2581 1095 2636 versibus
1116 2582 1289 2652 spondiacis
1318 2599 1368 2638 ex-

213 2695 306 2761 sta-nt,
320 2694 440 2760 praeter
454 2706 482 2747 v.
495 2689 554 2744 XII
569 2691 651 2762 50,1,
668 2688 720 2742 ubi
735 2687 813 2742 hanc
827 2687 993 2742 clausulam
1007 2687 1101 2742 habes
1114 2690 1210 2742 aerior
1220 2690 1369 2763 pityoaee,

212 2813 289 2867 quae
310 2796 410 2850 minus
431 2795 587 2866 probanda
607 2798 663 2851 est.
688 2795 835 2850 Secuntur
855 2795 971 2850 formae
985 2795 1009 2848 B
1024 2799 1057 2848 et
1070 2793 1104 2863 O,
1121 2794 1277 2864 inquibus
1291 2796 1369 2865 epti-

211 2920 277 2958 mos
298 2907 404 2974 poetas
426 2902 575 2973 elegiacos
596 2908 717 2958 secutus
737 2907 796 2976 est,
819 2903 900 2973 apud
921 2919 996 2972 quos
1017 2901 1118 2973 plures
1132 2919 1188 2973 pro
1202 2910 1270 2958 rata
1282 2909 1371 2975 parte

212 3010 456 3066 hexametrorum
477 3008 627 3064 clausulas
647 3009 822 3078 trisyllabas
843 3026 933 3078 quam
954 3007 1119 3078 bisyllabas
1141 3008 1175 3062 P.
1199 3009 1271 3064 Rasi
1286 3009 1370 3066 inve-

211 3116 269 3172 nit.
293 3117 431 3184 Denique
452 3115 567 3171 formae
588 3115 616 3170 A
636 3116 763 3170 molesta
784 3121 855 3170 sunt
876 3116 951 3170 haec
971 3115 1120 3186 exempla:
1143 3115 1224 3187 apad
1245 3133 1289 3172 rae
1314 3117 1370 3187 (IX

213 3226 303 3298 35,11
325 3228 357 3279 et
377 3224 421 3278 XI
443 3225 536 3296 52,1),
560 3224 641 3294 epact
661 3229 688 3277 te
709 3223 763 3292 (XI
787 3223 857 3296 88,1
880 3228 911 3277 et
932 3223 991 3276 XII
1014 3223 1116 3296 17,9),
1139 3221 1224 3280 teta
1245 3240 1295 3277 eor
1316 3224 1370 3295 (XI

211 3334 326 3406 84,17),
349 3331 402 3386 sed
422 3331 525 3402 priora
546 3332 605 3385 dno
627 3330 727 3386 minus
748 3330 943 3401 exprobanda
967 3334 1047 3388 sunt.

252 3438 401 3510 Denique,
426 3443 459 3493 ut
480 3437 517 3492 de
538 3438 655 3506 syllaba
676 3437 760 3492 finali
782 3437 952 3506 loquamur,
968 3437 1164 3508 vituperandi
1186 3445 1258 3494 sunt
1278 3440 1368 3496 hexa-

211 3542 302 3604 me'tri
323 3548 376 3618 qui
398 3547 429 3601 in
452 3547 586 3602 vocalem
607 3547 730 3602 brevem
753 3547 931 3601 consonanti
951 3562 1014 3602 non
1027 3546 1222 3606 terminatam
1237 3555 1367 3606 exeunte

210 3654 379 3726 finiuntur,
410 3669 500 3723 quam
529 3651 683 3708 licentiam
710 3652 860 3708 Martialis
888 3652 947 3708 sibi
971 3652 1110 3724 permisit
1130 3654 1162 3708 in
1183 3672 1234 3712 vv.
1260 3657 1317 3711 257
1331 3680 1367 3706 =

212 3765 282 3832 aar
295 3758 332 3837 ss
354 3761 418 3832 (Sp.
442 3760 464 3817 l.
488 3762 516 3831 4,
541 3760 556 3812 I
579 3761 626 3832 17,
650 3760 681 3813 II
705 3762 752 3828 19,
776 3761 821 3815 ΙΙΙ
844 3761 893 3833 29,
917 3760 960 3816 IV
982 3762 1031 3834 16,
1055 3761 1083 3816 V
1106 3764 1154 3834 25,
1178 3762 1221 3818 VI
1244 3761 1375 3837 aava

210 3868 260 3937 17,
284 3865 358 3920 VIII
381 3865 430 3937 18,
453 3863 497 3917 IX
520 3866 568 3935 23,
593 3863 621 3916 X
643 3864 692 3936 16,
715 3863 759 3916 ΧΙ
782 3866 829 3937 21,
854 3864 913 3917 XII
936 3865 965 3936 8,
990 3865 1065 3920 XIII
1089 3868 1119 3937 5,
1141 3864 1218 3922 XIV
1230 3865 1292 3938 13).
1309 3869 1368 3924 Vo-

210 3973 291 4029 eales
312 3973 471 4043 ancipites,
496 3978 529 4026 ut
550 3988 605 4042 par
628 3976 702 4044 erat,
726 3970 849 4028 omnino
870 3973 1008 4043 neglexi.

250 4079 315 4134 Hoc
335 4079 374 4132 ad
395 4083 562 4133 extremum
584 4077 621 4132 de
642 4076 790 4134 Martialis
804 4078 988 4134 hexametris
1003 4080 1081 4152 dico,
1099 4081 1280 4152 gravissime
1302 4101 1368 4155 sep-

210 4193 273 4244 tem
294 4186 362 4241 illos
384 4203 490 4242 versus
513 4186 673 4259 (11176,3;
703 4186 731 4240 V
759 4183 843 4256 82735
869 4186 912 4241 VI
933 4187 1028 4257 40‚3;
1053 4188 1149 4259 61,9;
1172 4188 1201 4241 X
1216 4191 1300 4262 73,9;
1323 4190 1368 4246 XI
