3442 5392
748 411 922 470 „21-

252 601 347 656 usque
356 587 395 641 all
406 601 560 642 caesuram
571 586 817 655 semiquinariam
829 586 1021 642 contineatur
1033 603 1140 644 versus
1148 583 1223 656 (cfr.
1232 584 1267 642 Ο.
1277 585 1402 655 Braum‚

252 691 290 746 de
305 691 522 760 monosyllabis
535 695 606 746 ante
618 707 758 746 caesuras
772 690 942 746 hexametri
962 691 1051 748 latini
1067 691 1234 760 oollooatis‚
1251 693 1410 763 Marburgi

254 798 411 854 Cattorum
434 799 523 867 1996,
546 814 578 868 p.
603 800 621 853 9
643 798 734 866 sqq.).

291 906 327 960 In
349 905 481 960 seeundo
501 903 669 960 hexametri
690 909 775 974 parte
796 904 905 974 optimi
931 911 1040 975 poetae
1068 904 1203 962 studiose
1224 911 1410 960 curaverunt

251 1029 290 1067 ne
305 1012 456 1068 secundus
469 1017 523 1066 aut
543 1012 653 1066 tertius
666 1027 721 1081 pes
735 1011 904 1066 efficeretur
924 1012 1071 1068 vocabulo
1086 1011 1237 1081 dactylico
1252 1020 1305 1069 aut
1321 1030 1411 1085 spon-

251 1108 340 1174 diaeo
360 1123 414 1172 aut
434 1133 511 1187 quae
533 1118 588 1172 hos
612 1116 643 1172 in
666 1116 759 1186 pedes
780 1117 899 1170 exirent
921 1116 1005 1187 (Cir.
1029 1118 1168 1174 Froehde
1189 1119 1211 1175 l.
1235 1120 1271 1186 1.,
1296 1137 1326 1191 p.
1353 1120 1411 1175 534

253 1231 322 1296 sq.).
341 1224 437 1289 Quam
458 1224 554 1294 legem
578 1238 667 1294 saepe
689 1223 721 1277 in
744 1223 877 1278 seeundo
897 1224 976 1294 pede
996 1223 1147 1291 Catullus,
1163 1225 1263 1281 rarius
1284 1226 1412 1296 Proper·

252 1333 325 1403 tius,
349 1331 441 1387 semel
463 1330 602 1386 Tibullus
623 1335 655 1384 et
669 1328 796 1384 Ovidius
818 1330 980 1386 laeserunt.
999 1332 1104 1401 Neque
1119 1332 1201 1386 euim
1217 1332 1421 1404 vituperandi*

252 1444 322 1494 sunt
345 1454 450 1494 versus
470 1453 597 1507 quorum
618 1435 781 1492 seeundum
803 1440 857 1492 aut
878 1436 1002 1490 tertium
1024 1436 1134 1507 pedem
1155 1442 1264 1494 tenant
1284 1456 1412 1510 praepo·

253 1545 377 1601 sitiones
393 1541 589 1613 sequentibus
603 1540 833 1612 pronominibus
848 1546 901 1596 aut
921 1541 1104 1597 voeabulum
1126 1546 1220 1598 neseio
1242 1544 1324 1613 quod
1344 1561 1412 1616 pro

252 1649 374 1704 nomine
396 1650 460 1720 qais
473 1651 527 1702 aut
547 1646 617 1700 aliis
638 1645 702 1700 eius
722 1644 828 1700 formis
850 1644 1010 1716 excipitur.
1027 1647 1124 1702 Multo
1145 1649 1282 1704 severius
1295 1667 1332 1705 ea
1345 1651 1413 1722 lege

252 1749 361 1810 te'rtius
383 1769 437 1824 pes
459 1751 586 1822 regitur,
612 1750 692 1805 unde
715 1754 836 1820 praeter
860 1750 1004 1819 Rumam,
1028 1753 1215 1824 Lucretium,
1239 1756 1410 1827 Horatium,

252 1877 341 1916 nemo
354 1860 432 1914 alius
442 1863 543 1928 poeta,
557 1855 637 1925 quod
652 1855 755 1927 seiam,
770 1855 894 1910 tertium
908 1856 1017 1926 pedem
1029 1873 1090 1911 uno
1102 1859 1249 1914 vocabulo
1263 1862 1409 1931 explevit.

294 1967 358 2022 Has
379 1965 483 2034 leges,
507 1961 617 2032 quibus
642 1960 775 2016 seeundo
803 1961 971 2016 hexametri
999 1978 1070 2032 pars
1098 1968 1241 2035 tenetur,
1263 1983 1412 2036 nusquam

253 2073 403 2129 Martialis
429 2068 576 2138 violavit,
599 2084 690 2138 quam
717 2068 756 2122 ob
784 2083 848 2120 rem
876 2071 948 2122 ante
977 2068 1126 2124 voeabula
1146 2073 1360 2140 monosyllaba
1380 2075 1413 2131 iu

251 2182 342 2237 tertia
372 2184 426 2236 aut
447 2183 555 2248 quarta
576 2175 636 2232 arsi
667 2175 766 2245 posite
792 2174 913 2230 ineius
940 2176 1125 2231 hexametris
1148 2183 1267 2234 exstare
1296 2180 1410 2237 debent

253 2296 307 2346 aut
327 2286 538 2356 monosyllaba
553 2285 602 2339 vel
616 2284 769 2340 trochaica
782 2283 857 2338 elisa
871 2283 980 2353 voeali,
997 2288 1051 2339 aut
1064 2286 1255 2355 pyrriohiaoa
1270 2292 1321 2345 vel
1335 2291 1411 2346 elisa

252 2395 434 2452 tribrachieo
456 2393 530 2461 (Csr.
554 2383 691 2446 Froelide
712 2390 734 2445 l.
758 2390 793 2458 1.,
816 2407 847 2460 p.
872 2392 931 2445 536
953 2396 984 2445 et
1006 2393 1055 2447 W.
1078 2393 1193 2465 Meyer,
1217 2395 1409 2470 Sitzungsbb.

255 2502 309 2558 der
329 2503 434 2570 bayer.
458 2498 558 2554 Akad.
584 2498 673 2566 1889,
695 2513 727 2566 p.
751 2497 833 2564 229).

292 2602 356 2654 Iam
378 2613 462 2666 vero,
476 2600 512 2650 ut
531 2595 571 2650 ad
592 2593 787 2650 statuendum
809 2595 1087 2669 monosyllabouum
1109 2613 1199 2654 usum
1220 2603 1409 2674 accedamus,

252 2708 284 2762 in
305 2705 366 2760 arsi
386 2703 477 2758 tertia
500 2704 556 2756 125
579 2701 789 2770 monosyllaba
818 2701 934 2772 inveni,
957 2702 1057 2758 idest
1079 2707 1149 2773 8,78
1172 2701 1223 2785 ⁰so²
1246 2725 1323 2777 quae
1344 2728 1410 2782 sep.

253 2813 370 2884 tuagies
383 2810 482 2866 sexies
495 2809 624 2864 alterum
646 2808 889 2878 monosyllabum
910 2811 1065 2866 antecedit
1080 2814 1141 2884 (Sp.
1159 2813 1180 2869 l.
1197 2817 1280 2887 20,1;
1296 2817 1311 2870 Ι
1327 2820 1408 2889 33,1;

252 2923 334 2990 43‚9;
359 2922 441 2987 7⁰‚95
466 2919 548 2988 73‚3;
574 2918 655 2985 81‚1;
681 2917 762 2985 85‚3;
790 2915 820 2968 ΙΙ
847 2917 908 2984 1,7;
936 2919 1106 2988 5‚1;3;5;
1132 2921 1299 2992 34‚5;43,1;
1325 2928 1406 2996 saa

253 3031 334 3098 59‚1;
359 3028 441 3095 79,1;
466 3026 548 3094 88,1;
573 3024 619 3078 III
643 3024 703 3091 1,1;
729 3025 790 3092 9‚1;
816 3023 897 3091 34,1;
924 3025 1026 3092 63‚13;
1052 3026 1134 3095 72,1;
1159 3030 1241 3097 77,1;
1266 3033 1349 3100 87,3;
1366 3033 1410 3088 IV

254 3139 335 3206 31,3;
361 3137 442 3202 67,5;
467 3134 548 3202 71,3;
574 3133 655 3200 80,5;
679 3131 706 3186 V
729 3132 790 3198 9,1;
817 3133 919 3200 19‚15;
945 3133 1026 3200 30‚3;
1055 3135 1135 3204 61‚1;
1161 3135 1247 3205 82,3;
1273 3139 1315 3192 VI
1337 3142 1407 3211 6,1;

253 3245 334 3312 25,3;
359 3242 441 3309 40,3;
466 3241 548 3309 50,3;
574 3239 654 3306 61,e;
680 3238 761 3305 77,3;
787 3238 869 3305 87,1;
900 3236 959 3291 VII
987 3239 1068 3308 16,1;
1103 3241 1183 3311 18,7;
1213 3244 1294 3312 22‚3;
1324 3248 1407 3316 35‚3;

252 3351 326 3407 VIII
347 3351 409 3419 3‚9;
435 3350 515 3419 6,11;
541 3348 622 3416 31,1;
647 3345 729 3415 73‚1;
756 3345 837 3413 74,1;
865 3345 910 3398 IX
935 3348 996 3414 2,7;
1022 3348 1084 3416 4,3;
1109 3350 1191 3418 48,1;
1217 3353 1299 3422 50‚3;
1325 3356 1406 3425 7953

253 3460 335 3528 83‚3;
359 3459 442 3526 91,1;
467 3456 568 3525 102‚3;
594 3454 622 3506 Χ
645 3454 726 3522 11‚3;
751 3454 832 3520 19,3;
857 3454 941 3521 21,1;
958 3454 1040 3522 73‚9;
1064 3454 1109 3509 XI
1130 3458 1192 3525 5,3;
1217 3461 1300 3530 36,7;
1324 3463 1407 3533 44‚33

254 3567 335 3636 45,3;
360 3566 442 3634 92‚1;
465 3563 524 3617 XII
547 3563 628 3630 6‚11;
653 3564 734 3631 11‚5;
760 3562 841 3629 96,7;
866 3561 895 3628 95
916 3561 991 3614 XIII
1015 3564 1405 3642 11‚1;X1V62,1;122‚1;

255 3677 354 3744 151,1;
381 3674 482 3743 178,1;
507 3671 622 3740 194,1),
640 3668 820 3738 quadragies
842 3668 937 3724 octies
960 3671 1085 3726 verbum
1101 3675 1324 3743 pyrriobiaeum
1343 3679 1407 3751 (Sp.

253 3781 275 3839 l.
299 3783 380 3851 28,1;
405 3782 486 3848 29,7;
511 3779 628 3848 120,1;
654 3779 736 3846 22,5;
762 3777 843 3850 38,1;
869 3782 950 3848 92,5;
975 3779 1088 3849 118,7;
1114 3782 1195 3851 18‚1;
1221 3786 1303 3854 28,5;
1322 3788 1404 3857 71,1;

253 3890 298 3944 ΙΙΙ
321 3891 402 3958 66,5;
427 3889 509 3957 74,5;
534 3886 615 3956 75,7;
636 3887 717 3954 76,3;
736 3888 817 3956 81‚5;
841 3889 885 3943 IV
907 3889 989 3957 26‚3;
1014 3888 1096 3956 34,1;
1121 3889 1203 3958 49,7;
1221 3892 1304 3961 5633
1322 3896 1403 3964 78‚1;

254 4003 335 4071 83,1;
361 4001 388 4055 V
410 4001 491 4069 22,1;
517 3998 558 4052 VI
581 3999 662 4066 21,7;
687 3999 769 4065 2953
794 3998 876 4066 45‚1;
901 3999 983 4067 93,9;
1008 3997 1067 4053 VII
1089 4002 1171 4067 15,5;
1196 4003 1298 4070 51‚13;
1324 4005 1405 4075 73‚1;

254 4114 335 4182 96,1;
353 4111 427 4166 VIII
449 4112 530 4179 27,1;
549 4111 631 4178 78,5;
649 4109 790 4178 1X25,3;
808 4111 890 4179 66,1;
907 4111 937 4164 X
959 4111 1039 4178 12,3;
1059 4111 1140 4182 68,5;
1158 4113 1240 4183 95‚1;
1258 4115 1302 4168 XI
1324 4114 1405 4184 26,5;
