3442 5392
696 565 870 624 ..41...

243 740 299 797 Sed
321 741 358 796 de
379 742 428 796 lus
448 742 538 797 rebus
559 743 716 812 hactenus;
739 759 820 795 nunc
834 741 983 810 reliquum
998 746 1045 796 est
1061 745 1096 796 ut
1108 759 1205 812 pauca
1219 743 1256 798 de
1270 743 1356 798 hiatu

202 848 347 904 dicamus.
371 848 548 918 Reperimus
568 849 686 904 hiatum
707 849 738 902 ln
766 865 818 902 rr.
842 848 888 901 III
911 849 963 914 3,4
984 852 1015 901 et
1029 848 1073 901 XI
1089 851 1150 919 2,5;
1168 849 1221 904 sed
1236 848 1357 904 Schnei-

203 955 302 1009 dewin
323 972 360 1012 ex
381 973 411 1009 v.
436 956 481 1009 III
502 956 564 1027 3,4,
588 955 766 1026 pronomine
787 961 820 1008 to
840 954 1010 1025 inserendo,
1034 955 1151 1009 hiatum
1174 956 1291 1026 expulit
1311 960 1356 1010 to·

202 1065 326 1130 tumque
348 1061 532 1131 epigramma
553 1078 614 1115 non
635 1061 745 1116 iniuria
767 1061 853 1116 uncis
882 1060 1015 1116 seclusit.
1040 1062 1146 1116 Restat
1166 1077 1197 1114 v.
1220 1061 1265 1114 XI
1286 1063 1350 1132 ab,

202 1167 235 1221 in
255 1184 314 1237 quo
334 1170 363 1222 io
384 1173 448 1241 aut,
471 1168 556 1223 hiatu
577 1167 718 1240 admisso,
736 1168 924 1238 pyrricthm
944 1167 1116 1222 habendum
1138 1172 1194 1237 est,
1219 1172 1283 1241 aut,
1307 1183 1356 1222 su-

201 1274 284 1328 blato
305 1273 402 1346 hiatu,
419 1273 672 1346 monosyllabum,
697 1273 778 1344 quod
799 1290 859 1328 non
874 1273 953 1328 male
973 1272 1108 1343 praefert
1128 1273 1354 1329 Friedlaender.

163 1371 166 1378 ’
243 1381 328 1436 VIII.
346 1382 550 1438 Transeamus
569 1398 651 1436 nunc
664 1381 704 1435 ad
717 1381 788 1435 alia.
805 1381 875 1435 Jam
890 1381 924 1436 P.
941 1380 1013 1434 Rasi
1033 1396 1096 1434 nou
1116 1397 1177 1434 uno
1197 1381 1264 1434 loco
1280 1378 1355 1451 (Cir.

201 1489 247 1544 De
262 1490 341 1560 eleg.
357 1489 412 1544 lat.
428 1507 526 1561 comp.
543 1495 575 1545 et
588 1489 686 1546 forma
707 1507 737 1562 p.
756 1492 773 1546 3
788 1494 820 1544 ct
839 1488 963 1562 possim,
980 1493 1011 1544 et
1025 1487 1094 1543 Riv.
1111 1487 1142 1542 di
1164 1488 1254 1542 Filcl.
1271 1487 1357 1543 XXV

201 1612 231 1665 p.
256 1597 312 1650 191
335 1601 415 1666 sqq.)
438 1597 554 1651 monuit
576 1597 761 1668 universam,
785 1600 820 1650 ut
846 1594 999 1650 ferocius
1027 1593 1131 1648 verbis
1151 1598 1231 1666 utar,
1255 1595 1356 1664 elego·

201 1717 268 1756 rum
290 1701 453 1758 latinorum
475 1707 630 1772 tamquam
655 1703 752 1772 legem
778 1719 843 1758 esse
865 1709 900 1757 ut
920 1702 953 1756 in
977 1700 1106 1770 singulis
1127 1700 1267 1756 distichis
1295 1703 1356 1756 sin-

201 1809 263 1877 guli
284 1810 467 1879 pentametri
488 1811 665 1881 plerumque
687 1814 719 1865 et
739 1810 907 1864 orationem
922 1808 1047 1862 finirent
1061 1812 1092 1862 et
1106 1809 1289 1862 seutentiam
1304 1813 1358 1863 aut

201 1915 353 1970 interdum
370 1915 434 1970 sive
449 1915 509 1970 duo
531 1916 596 1972 sive
617 1917 705 1986 plura
727 1915 857 1971 disticha
878 1914 959 1969 iuter
982 1931 1015 1968 se
1036 1917 1214 1984 aptarentur
1234 1919 1266 1968 et
1287 1931 1357 1969 con-

175 2031 176 2036 ’
201 2021 290 2076 cinno
312 2021 519 2077 cohaererent.
542 2023 584 2077 At
604 2023 636 2076 in
657 2027 723 2077 toto
744 2023 883 2077 Martiale
905 2021 1033 2075 duorum
1055 2018 1253 2074 distichorum
1274 2037 1354 2074 com-

200 2127 358 2198 plexiones
373 2145 427 2183 seu
441 2129 580 2183 binioues
594 2129 756 2183 trecenties
767 2128 948 2198 quadragies
962 2126 1060 2182 sexies
1074 2124 1189 2199 inveni,
1204 2126 1357 2183 terniones

199 2235 347 2304 nonagies
367 2235 476 2305 sexies,
501 2236 715 2304 quaterniones
735 2235 831 2288 vicies
852 2233 948 2289 octies
969 2233 1356 2305 (139,1;88‚1;92‚5;111

201 2337 284 2409 62‚1;
301 2337 344 2392 IV
366 2340 428 2407 5,1;
446 2339 529 2407 25‚1;
546 2339 629 2410 53‚1;
647 2338 729 2408 78,1;
747 2336 773 2391 V
790 2339 851 2408 1,1;
870 2339 953 2409 30,1;
977 2336 1035 2391 VII
1057 2339 1139 2409 28,1;
1164 2338 1247 2411 53,1;
1272 2338 1354 2410 74‚1;

200 2445 285 2516 99‚1;
309 2444 353 2497 IX
376 2447 458 2516 12,1;
482 2446 564 2518 34,1;
589 2447 671 2516 35,3;
696 2446 779 2517 37‚1;
795 2445 823 2498 X
839 2446 921 2518 33,1;
945 2445 988 2498 XI
1010 2445 1073 2518 4,1;
1090 2447 1153 2515 s,5;
1171 2446 1254 2517 27,1;
1271 2446 1355 2517 49,3;

199 2553 284 2623 sa,5;
311 2553 394 2623 60,1;
416 2552 476 2606 XII
497 2555 580 2622 31,1;
605 2555 687 2624 50,1;
712 2554 805 2624 toa),
828 2551 988 2621 quiniones
1008 2552 1151 2606 undecies
1173 2552 1197 2621 (Ι
1221 2554 1304 2625 43,1;
1328 2552 1358 2606 II

200 2659 346 2730 29‚1;111
369 2660 450 2732 63,3;
472 2660 554 2732 65,l;
571 2660 614 2715 IV
638 2661 719 2732 19,1;
742 2660 802 2716 VII
824 2661 906 2734 87,1;
930 2658 1356 2733 v11171,1;1x101,1;13;

199 2766 227 2819 X
249 2767 333 2839 14‚1;
350 2767 394 2820 XI
416 2768 513 2840 21,1)‚
530 2766 670 2822 seniones
691 2768 740 2823 bis
763 2767 818 2839 (IX
840 2769 923 2840 65,1;
939 2766 984 2820 XI
1007 2766 1079 2840 8,1),
1097 2768 1291 2837 septeniones
1311 2785 1357 2823 se·

199 2874 259 2929 mel
284 2875 338 2942 (IX
360 2876 455 2945 22,1).

239 2982 353 3050 Atque,
376 2986 411 3035 ut
431 2981 469 3036 de
491 2986 660 3036 ceterorum
681 2986 839 3052 poctarum
861 2997 918 3036 usu
939 2981 1109 3050 loquamur,
1132 2980 1280 3051 Ovidius,
1307 2981 1357 3036 Ti-

199 3086 312 3155 bullus,
320 3086 453 3141 Rutilius
463 3087 662 3142 Namatianus
673 3087 850 3157 saepissime
862 3087 1002 3142 biniones
1013 3092 1045 3142 et
1056 3088 1221 3156 terniones,
1233 3106 1357 3158 perraro

199 3196 414 3268 quaterniones
436 3205 467 3252 et
488 3198 658 3270 quiniones,
682 3212 847 3264 numquam
862 3196 995 3266 plurium
1010 3196 1208 3252 distichorum
1222 3199 1356 3255 ambitus
1391 3221 1394 3226 ’

199 3305 415 3374 adhibuerunt,
433 3310 539 3360 contra
552 3304 740 3374 Propertius,
756 3302 842 3357 cuius
857 3304 1029 3373 exemplum
1044 3306 1218 3375 Lygdamus
1233 3312 1264 3362 et
1278 3309 1356 3362 Mar-

199 3412 283 3467 tialis
305 3411 399 3466 secuti
415 3417 496 3483 sunt,
515 3411 678 3465 multorum
693 3411 894 3466 distichorum
908 3412 1132 3483 complexiones
1144 3413 1225 3468 haud
1240 3431 1358 3486 semper

146 3557 148 3561 s
199 3518 314 3572 vitavit
334 3516 409 3588 (Cfr.
433 3517 468 3573 P.
491 3517 574 3590 Rasi,
597 3517 643 3572 De
665 3517 742 3586 eleg.
766 3517 819 3571 lat.
844 3521 902 3570 eto.
926 3534 957 3586 p.
983 3519 1039 3571 175
1062 3534 1151 3590 sqq,
1175 3523 1206 3572 et
1225 3520 1295 3576 Riv.
1326 3523 1357 3576 di

201 3623 291 3679 Filol.
315 3623 401 3680 XXV
422 3640 453 3693 p.
478 3625 534 3678 139
558 3614 636 3693 sqq,
661 3625 761 3693 1897).

240 3731 296 3787 ΙΧ.
319 3731 407 3786 Nunc
427 3735 523 3786 restat
544 3736 578 3784 ut
599 3729 757 3786 videamus
777 3748 854 3800 quae
876 3732 968 3787 sitin
989 3733 1128 3788 distichis
1149 3734 1297 3791 Martialis
1311 3735 1355 3789 di-

200 3835 326 3906 spositio
347 3835 605 3891 substantivorum
627 3841 658 3891 et
679 3837 910 3912 adiectivorum,
934 3855 994 3908 qua
1015 3840 1046 3893 in
1067 3856 1100 3893 re
1122 3841 1203 3895 omni
1218 3847 1356 3912 exparte

200 3943 350 3996 rationem
372 3946 493 3996 secutus
514 3959 592 4015 sum,
615 3959 705 4012 quam
726 3943 835 3998 Petrus
855 3945 939 4017 Rasi,
961 3946 1008 4000 vir
1022 3947 1066 4000 rei
1081 3947 1223 4003 metricae
1237 3949 1357 4018 peritis-

201 4048 305 4118 simus,
329 4065 390 4103 non
411 4065 472 4103 uno
493 4049 559 4103 loco
579 4049 683 4104 docuit
704 4049 778 4120 (cfr.
801 4050 870 4106 Riv.
900 4053 931 4106 di
953 4053 1103 4126 Filologia
1122 4055 1208 4110 XXV
1236 4073 1267 4126 p.
1300 4058 1355 4113 197

202 4160 233 4210 et
253 4156 352 4226 alibi).
376 4157 416 4212 Et
436 4163 517 4214 certe
539 4157 660 4227 quidem
682 4157 741 4213 viri
755 4159 836 4213 docti
850 4159 939 4214 facile
953 4178 992 4215 ex
1005 4161 1061 4216 hoc
1075 4162 1180 4217 libello
1193 4169 1358 4234 agnoscent

203 4263 275 4332 quid
297 4264 343 4318 illi
365 4270 522 4335 acceptum
542 4265 656 4320 referre
678 4267 824 4324 debeam-0

245 4369 372 4431 Numeri
393 4389 468 4444 quos
489 4372 593 4430 inveni
615 4374 647 4428 hi
669 4381 760 4431 sunt:
