3442 5392
841 590 1014 653 ..72-

347 769 535 838 nosyllabam
557 769 648 825 semel
672 771 698 840 (Ι
721 771 838 840 baia),
862 770 958 825 altero
978 768 1187 839 monosyllabo
1200 765 1411 838 praecedente.
1428 764 1503 824 Octo

345 876 511 933 hexametri
533 877 630 932 vocali
650 878 737 934 brevi
758 883 863 948 aperta
884 877 1017 934 conclusi
1038 884 1120 933 sunt.

385 985 523 1054 Denique
545 986 620 1040 duas
642 984 784 1040 elisiones
805 984 922 1041 inveni:
945 986 988 1041 VI
1011 987 1081 1054 64,8
1103 985 1134 1039 in
1156 990 1265 1056 quarta
1291 982 1371 1040 thesi
1400 1000 1501 1038 aurem

344 1091 505 1162 accersere)
526 1096 557 1147 et
578 1091 621 1146 VI
644 1093 734 1160 64,14
755 1092 788 1146 in
809 1092 908 1163 prima
928 1090 1008 1147 thesi
1028 1093 1102 1163 (ipae
1122 1092 1243 1162 etiam),
1275 1108 1364 1146 unam
1391 1089 1502 1161 aphae-

343 1197 425 1253 resiu
446 1200 461 1252 I
482 1201 551 1268 53,1
575 1198 606 1253 in
628 1199 727 1268 prima
748 1199 826 1255 thesi
848 1201 922 1272 (unu
943 1200 1008 1268 eat).

384 1305 551 1374 Postremo,
576 1309 611 1359 ut
631 1304 669 1359 de
690 1304 851 1360 verborum
875 1305 1073 1361 collocatione
1095 1306 1265 1376 loquamur,
1288 1305 1372 1376 paris
1385 1304 1502 1375 simpli·

343 1411 387 1466 cis
408 1428 481 1467 usus
502 1415 548 1466 est
569 1411 639 1466 hio:
663 1407 725 1487 als
748 1413 785 1469 14
807 1429 883 1482 vv.,
911 1409 967 1488 (ΑΒ
990 1415 1039 1481 10,
1067 1408 1123 1488 {SA
1146 1415 1185 1481 1,
1208 1416 1240 1466 et
1265 1411 1397 1482 duplicis
1426 1411 1498 1467 hiet

342 1511 480 1589 A'qhs's
502 1516 531 1579 2,
556 1510 723 1590 Α)Α’33’1,
746 1511 882 1590 ΑΑ’)88’
905 1518 935 1584 1,
957 1511 1126 1591 ASlA'S'l,
1150 1510 1318 1590 A‘qass'r.

382 1621 423 1676 ΙΙ.
447 1620 622 1676 Proximum
643 1625 690 1676 est
711 1625 746 1676 ut
775 1621 812 1675 de
843 1621 1038 1690 quaternario
1064 1621 1194 1678 iambico
1222 1621 1380 1690 dicamus,
1410 1636 1499 1689 quem

341 1726 488 1782 Martialis
509 1744 673 1796 numquam
694 1727 789 1782 solum
812 1727 964 1797 adhibuit,
987 1728 1042 1783 sed
1063 1733 1172 1799 quater
1193 1730 1219 1798 (1
1242 1729 1291 1795 49,
1314 1728 1432 1794 11114,
1456 1727 1499 1781 ΙΧ

343 1834 391 1902 77,
414 1833 459 1886 XI
480 1834 531 1903 59)
553 1851 621 1888 cum
643 1833 762 1889 senario
783 1833 935 1901 iambico,
965 1835 1058 1890 semel
1088 1836 1114 1904 (Ι
1144 1836 1195 1904 61)
1224 1851 1292 1890 cum
1323 1833 1495 1890 choliambo

341 1939 508 1994 coniunxit.
534 1939 611 1994 Sunt
631 1942 755 1997 omniuo
778 1945 924 2008 quattuor
943 1946 976 1996 et
997 1940 1126 2012 triginta
1145 1957 1262 1996 rusus.

380 2044 481 2114 Atque
502 2046 593 2101 huius
613 2048 704 2103 metri
726 2048 758 2102 in
778 2049 878 2120 prima
892 2048 963 2103 sede
977 2064 1033 2118 pro
1046 2047 1148 2102 iambo
1163 2052 1210 2102 ter
1224 2046 1379 2116 dactylum
1392 2046 1498 2102 inveni

341 2152 365 2221 (Ι
387 2153 489 2222 49,34,
516 2154 616 2225 61,10,
640 2155 685 2208 XI
707 2157 803 2225 59,4),
827 2161 875 2209 ter
895 2158 1093 2224 anapaestum
1116 2154 1142 2224 (Ι
1164 2155 1267 2224 49,29,
1292 2155 1341 2222 32,
1366 2155 1427 2224 38),
1453 2153 1499 2208 vi-

339 2259 402 2313 cies
423 2259 514 2314 semel
537 2254 727 2330 spondeum,
750 2266 856 2316 contra
877 2260 910 2314 in
932 2261 1065 2317 secunda
1094 2261 1165 2315 sede
1192 2264 1301 2330 quater
1329 2261 1356 2330 (Ι
1384 2261 1496 2328 laam

341 2367 423 2438 61,8;
448 2368 496 2438 10,
521 2368 566 2422 ΙΙΙ
588 2368 673 2438 14,4)
694 2386 749 2440 pro
771 2369 871 2422 iambo
893 2369 1064 2438 tribrachys
1083 2372 1194 2435 exstat,
1215 2371 1249 2422 at
1267 2366 1301 2420 in
1321 2366 1413 2421 tertia
1426 2367 1508 2422 sede

340 2481 436 2534 semel
457 2480 576 2536 iambus
599 2483 654 2553 (XI
677 2484 760 2552 59,2)
783 2487 934 2552 servatur,
957 2483 1050 2538 semel
1071 2498 1127 2551 pro
1148 2498 1185 2549 eo
1205 2485 1387 2550 anapaestus
1409 2482 1434 2550 (Ι
1448 2483 1497 2551 49,

340 2587 388 2657 42)
411 2587 595 2658 adhibetur,
619 2607 685 2644 cum
708 2590 817 2659 reliqui
840 2606 947 2646 versus
975 2590 1141 2660 spondeum
1168 2588 1345 2660 praebeant.
1372 2588 1421 2643 Ad
1441 2590 1498 2644 hoc

339 2693 457 2762 syllaba
477 2695 577 2750 finalis
600 2696 693 2752 vicies
713 2696 816 2751 brevis
837 2701 895 2765 est,
918 2702 1026 2765 quater
1047 2695 1146 2750 decies
1159 2697 1261 2766 longa.
1277 2695 1415 2765 Denique
1429 2697 1497 2750 uul-

336 2802 397 2857 lam
419 2802 574 2858 elisionem
595 2805 719 2876 proprio
740 2805 864 2862 nomine
885 2804 996 2860 dictam
1018 2809 1072 2859 aut
1085 2821 1249 2875 apocopam
1273 2803 1388 2876 inveni,
1405 2821 1496 2860 unam

336 2910 513 2979 aphaeresin
539 2912 564 2982 (Ι
587 2913 657 2982 61,2
679 2913 808 2968 Mantua
828 2917 870 2967 cst
889 2911 922 2966 iu
943 2917 1051 2981 quarto
1071 2911 1170 2982 pede).

376 3013 440 3067 Hoc
461 3011 559 3082 igitur
580 3018 710 3068 metrum
732 3013 883 3068 Martialis
903 3013 943 3068 ad
967 3013 1086 3068 Horatii
1113 3014 1286 3084 exemplum
1316 3013 1496 3084 plerumque

337 3120 482 3176 formavit
504 3120 579 3192 (afr.
605 3120 907 3192 Schiller-Riemann,
931 3121 1043 3177 Metres
1064 3118 1200 3192 lyriques
1221 3121 1385 3191 d’Horace,
1408 3138 1439 3192 p.
1458 3121 1495 3175 37

337 3234 369 3284 et
389 3229 457 3299 44),
482 3233 514 3284 at
534 3229 680 3284 Horatius
703 3227 814 3283 vitavit
834 3234 1050 3300 anapaestum,
1073 3230 1126 3299 qui
1146 3229 1236 3284 haud.
1249 3245 1318 3284 raro
1342 3228 1495 3299 reperitur

334 3336 416 3407 apud
436 3334 605 3390 Ausonium
627 3334 702 3406 (Gir.
726 3335 760 3392 C.
786 3334 917 3390 Schenkl
939 3335 972 3389 in
992 3335 1069 3393 edit.
1091 3335 1207 3391 Auson.
1230 3352 1261 3406 p.
1284 3336 1356 3405 293)
1368 3340 1400 3390 et
1412 3335 1495 3406 apud

334 3443 534 3498 Prudentium
557 3441 630 3511 (cfr.
654 3441 767 3506 Plessis
788 3441 808 3496 Ι.
832 3441 854 3498 Ι.
878 3459 910 3512 p.
934 3442 1016 3512 186).

374 3551 419 3605 ΙΙΙ
440 3550 527 3606 Nunc
549 3549 707 3618 loquamur
717 3548 754 3602 de
770 3548 890 3602 senario
899 3547 1040 3617 iambico,
1052 3565 1111 3618 quo
1124 3553 1222 3604 metro
1233 3548 1382 3605 Martialis
1395 3547 1494 3604 sexies

333 3659 360 3729 (Ι
382 3659 431 3726 49,
455 3656 578 3724 11114,
602 3655 644 3710 VI
667 3657 726 3723 12,
750 3655 794 3708 IX
816 3656 865 3724 77,
888 3655 932 3709 XI
953 3656 1059 3726 59,77)
1080 3672 1154 3711 usus
1184 3660 1241 3712 est.
1270 3655 1348 3711 Sunt
1367 3656 1494 3711 omuino

332 3770 395 3820 tres
420 3770 451 3818 et
484 3763 611 3836 triginta
635 3779 751 3832 versus,
775 3779 901 3832 quorum
935 3762 1164 3833 duodetriginta
1191 3781 1259 3818 cum
1290 3763 1495 3834 quaternariis

331 3867 479 3938 iambicis,
503 3869 635 3938 quinque
658 3868 712 3938 (VI
741 3871 776 3922 12
798 3873 829 3923 et
849 3869 894 3922 XI
916 3870 967 3938 77)
988 3869 1046 3923 soli
1067 3869 1260 3924 adhibentur.

371 3975 417 4029 De
438 3974 550 4045 pedum
580 3972 805 4044 permutatione
836 3974 911 4028 haec
932 3975 1084 4059 monenda
1115 3979 1196 4030 sunt.
1230 3975 1267 4029 In
1298 3975 1397 4045 prima
1418 3976 1490 4031 sede

331 4080 540 4151 duodeviginti
562 4081 710 4152 spondeos
731 4081 847 4154 inveni,
871 4098 982 4136 novem
1002 4081 1120 4137 iambos
1142 4084 1178 4153 (Ι
1201 4084 1284 4155 49,3,
1310 4087 1340 4156 5,
1364 4086 1413 4154 11,
1439 4085 1488 4153 23,

332 4189 380 4258 29,
405 4188 448 4243 VI
470 4191 552 4259 12,2,
575 4188 620 4242 IX
642 4189 723 4259 77,1,
749 4191 778 4258 3,
801 4189 845 4243 XI
868 4190 949 4261 77,1)
978 4189 1112 4259 quinque
1142 4195 1322 4260 anapaestos
1351 4190 1487 4261 (143,9,

331 4296 380 4363 17,
405 4297 454 4367 25,
478 4297 527 4366 33,
552 4297 612 4364 37),
635 4299 667 4350 at
689 4297 783 4350 semel
805 4296 831 4364 (Ι
852 4295 957 4365 49,21)
989 4302 1115 4367 propter
1144 4296 1293 4367 syllabam
1323 4295 1503 4368 ancipitem.

328 4401 436 4472 pedem
459 4401 585 4456 definire
606 4418 667 4457 non
689 4401 786 4472 potui.
811 4402 847 4455 In
868 4402 1001 4456 secunda
1021 4402 1093 4458 sede
1113 4402 1242 4474 triginta
1266 4403 1360 4460 iambi
1381 4406 1414 4458 et
1426 4407 1490 4458 tres
