3442 5392
831 557 1004 617 ...52-

381 732 417 802 E)
436 730 566 786 caesura
587 737 656 802 post
677 731 799 788 tertium
823 731 930 803 pedem
951 749 1012 788 uua
1028 749 1097 788 cum
1110 731 1258 788 incisione
1278 734 1348 802 post
1368 728 1493 786 secundi

342 837 428 910 pedis
449 837 623 892 trochaeum
645 836 710 892 sive
733 837 852 907 integra
866 838 931 892 sive
951 855 1005 908 per
1026 837 1148 894 tmesin.
1160 838 1226 894 Hoc
1246 841 1294 892 est
1312 834 1494 906 exemplum:
1513 905 1516 908 ᾗ

482 1051 538 1104 hoc
559 1049 585 1105 si
605 1055 712 1120 terque
733 1055 901 1120 quaterque
921 1049 1096 1106 clamitatis.

383 1265 418 1335 F)
440 1264 572 1320 caesura
593 1263 811 1334 semitcrnaris,
835 1265 921 1320 cuius
943 1266 1113 1336 exemplum
1134 1270 1181 1322 cst
1199 1265 1257 1320 hoc
1278 1281 1387 1321 uuums

444 1557 446 1562 Α
486 1480 520 1530 tu
542 1474 661 1531 Cannas
683 1475 982 1544 Mithridaticumque
1002 1474 1115 1530 bellum
1137 1475 1191 1546 (Vl
1213 1477 1305 1547 1a‚5).

385 1687 422 1760 G)
444 1689 574 1744 Caesura
595 1688 853 1761 semiseptenaria,
878 1703 967 1756 quam
989 1688 1114 1757 praebet
1135 1706 1213 1744 unus
1234 1704 1357 1744 versus:

484 1922 545 1958 non
567 1909 638 1959 sunt
658 1902 865 1974 papilionibus
885 1903 1005 1958 molesti
1027 1903 1097 1973 (XII
1119 1904 1212 1975 61,6).

386 2117 426 2187 H)
448 2115 578 2170 Caesura
599 2112 809 2169 sestriternaria
829 2130 977 2170 unacum
1000 2112 1257 2185 semiseptenaria,
1270 2112 1357 2168 cuius
1376 2111 1434 2167 hoc
1454 2117 1501 2167 est

347 2221 518 2291 exemplum
529 2238 537 2275 t

488 2434 604 2505 argutis
625 2433 864 2506 epigrammaton
884 2433 1006 2490 libellis.

389 2652 414 2721 Ι)
436 2649 567 2705 (laesura
581 2647 839 2721 semiseptenaria,
856 2648 905 2702 cui
926 2648 1031 2704 addita
1044 2654 1091 2704 est
1108 2648 1216 2705 incisio
1230 2654 1299 2721 post
1312 2649 1437 2705 secundi
1450 2667 1501 2720 pe-

350 2758 398 2813 dis
420 2755 604 2812 trochaeum.
628 2755 710 2810 Haec
733 2757 779 2809 est
799 2754 912 2811 forma:

490 2973 521 3024 et
541 2985 615 3040 qrras
637 2968 725 3022 docta
746 2966 891 3036 Neapolis
911 2966 1035 3023 creavit.

389 3187 425 3255 L)
447 3184 577 3240 ansura
598 3181 845 3252 semiseptenaria
864 3199 926 3237 una
953 3199 1020 3238 cum
1048 3182 1258 3239 semiternaria
1284 3201 1339 3256 per
1367 3183 1500 3254 tmesin,

351 3307 441 3361 quam
462 3288 596 3345 ostendit
615 3304 722 3344 versus
741 3287 809 3343 hic:

491 3505 618 3559 Hermes
639 3501 855 3574 subpositicius
876 3500 935 3555 sibi
960 3500 1026 3572 ipse
1048 3502 1086 3571 (V
1108 3503 1202 3575 24,8).

390 3721 431 3790 Μ)
446 3718 577 3774 (laesura
597 3716 844 3788 semiseptenaria
857 3732 920 3770 una
937 3732 1004 3770 cum
1019 3715 1168 3773 incisione
1183 3724 1253 3790 post
1265 3719 1431 3775 secundum
1452 3735 1503 3790 pe-

351 3827 419 3882 dem
441 3842 494 3895 per
515 3823 634 3897 tmesiu‚
659 3809 744 3879 cuius
765 3839 857 3878 unum
879 3822 1050 3892 exemplum
1072 3828 1133 3880 ests

491 4043 610 4109 spectas
631 4036 873 4110 eschatocollicu,
895 4037 1006 4094 Severe
1027 4039 1068 4109 (11
1090 4040 1164 4111 6,3).

392 4254 491 4326 Atque
512 4252 630 4308 numeri
651 4269 726 4325 quos
746 4252 851 4308 inveni
872 4253 904 4310 hi
925 4258 1015 4313 sunt:
