3442 5392
694 577 869 636 „51-

253 752 309 806 111.
333 751 439 808 Graeci
460 752 576 807 nullam
597 751 752 823 phalaeeei
772 757 886 806 norunt
906 767 1060 807 caesuram
1083 752 1156 821 (Gir.
1181 754 1219 808 U.
1242 753 1280 807 de
1303 753 1366 808 Wi-

212 857 617 931 lamowitz-Moellendorff,
642 859 688 913 De
709 875 800 914 versu
821 859 993 930 phalarum,
1018 857 1171 927 Melanges
1199 858 1289 929 Weil,
1313 860 1368 913 Pu-

214 963 256 1019 ris
273 965 361 1033 1898,
377 981 408 1034 p.
425 965 482 1018 451
499 983 530 1021 n.
548 967 588 1036 1),
605 970 637 1019 at
651 964 777 1018 Romani
798 963 977 1034 plerumque
992 970 1060 1034 post
1074 964 1155 1019 arsin
1177 965 1260 1020 tertii
1281 964 1368 1035 pedis

214 1075 270 1126 aut
283 1076 353 1142 post
367 1071 533 1126 seeundum
548 1071 657 1142 pedem
671 1070 853 1128 insiderant.
871 1071 1017 1141 Equidem
1033 1072 1114 1142 apud
1130 1071 1296 1126 Martialem
1314 1072 1368 1127 has

212 1177 325 1232 formas
345 1177 469 1234 inveni:

253 1282 291 1354 A)
313 1282 443 1338 Caesura
465 1283 700 1356 semiquinaria,
725 1285 774 1340 oui
795 1301 885 1354 saepe
910 1289 945 1339 ut
968 1284 1151 1340 subsidiaria
1171 1284 1279 1340 incisio
1300 1289 1368 1356 post

214 1389 379 1444 seeundum
400 1388 505 1460 podem
530 1389 635 1446 addita
655 1395 711 1447 est.
735 1392 800 1446 Hoo
821 1397 868 1447 est
888 1391 1077 1461 exemplnmr

352 1600 418 1674 Sili,
442 1601 627 1657 Castalidum
648 1602 740 1658 deeus
760 1616 908 1660 sororum.

256 1815 292 1885 Β)
314 1813 446 1869 Caesura
467 1820 536 1886 post
556 1815 722 1870 seeundum
742 1815 862 1887 pedem,
886 1815 972 1868 errius
992 1815 1049 1869 hoo
1069 1820 1116 1870 est
1136 1814 1322 1886 exemplum:

352 2007 415 2058 tarn
436 2021 497 2059 non
521 2005 628 2060 invida
648 2008 770 2074 tamquo
794 2003 938 2075 liberalis,

251 2215 346 2286 Saepe
373 2213 551 2270 auxiliariae
584 2215 651 2270 loeo
682 2216 897 2285 semiquinaria
923 2233 979 2286 per
1000 2214 1108 2270 tmesin
1132 2215 1189 2270 hae
1218 2214 1369 2270 informa

210 2320 378 2390 Invenitur,
400 2319 501 2376 velut:

351 2510 436 2581 puris
456 2509 567 2566 leniter
588 2511 790 2566 admoventur
809 2512 910 2571 astris.

252 2725 352 2794 Atque
367 2725 437 2781 huie
450 2726 566 2783 formae
587 2726 706 2782 reddidi
721 2744 827 2784 versus
842 2746 972 2801 quoque,
989 2727 1051 2800 qui,
1074 2733 1194 2799 praeter
1214 2743 1367 2782 caesuram

212 2836 281 2902 post
296 2834 461 2888 secundum
476 2833 583 2904 pedem
599 2834 740 2904 positam,
756 2833 934 2890 incisionem
949 2834 1193 2905 semiquinariam
1208 2833 1366 2903 praebent,

213 2937 267 2994 sed
287 2944 322 2994 ut
342 2939 527 3011 praepositio
549 2956 567 2995 a
589 2957 643 2995 suo
664 2957 736 2996 casu
756 2941 929 2996 divellatur.
953 2943 1027 2998 Tale
1048 2946 1095 2996 est
1113 2939 1304 3011 exemplum:

354 3124 405 3195 qui
427 3124 467 3181 sit
488 3125 649 3181 Postumus
670 3126 703 3180 in
723 3143 790 3182 meo
812 3127 926 3182 libello.

253 3335 381 3389 Fonnae
402 3335 429 3390 A
450 3341 482 3391 et
504 3336 528 3390 B
549 3336 639 3406 longe
660 3335 793 3391 omnium
822 3336 1084 3407 frequentissimae
1111 3344 1201 3409 sunt,
1225 3339 1366 3408 quoniam

211 3445 333 3495 exstant
353 3441 385 3496 in
407 3459 459 3497 vv.
484 3442 560 3497 1879
574 3465 609 3490 --
623 3445 714 3516 90,77
726 3439 776 3520 ⁰s0.
798 3444 887 3499 Nune
908 3443 1040 3513 reliquas
1063 3444 1231 3500 videamus.

252 3626 286 3698 C)
307 3627 439 3686 ansnra
460 3636 529 3701 post
549 3629 673 3688 tertium
694 3631 802 3702 pedem
824 3633 935 3704 posita,
958 3631 1044 3688 onius
1064 3634 1139 3689 haee
1160 3639 1207 3688 est
1225 3633 1339 3690 forma:

352 3843 446 3899 sentit
466 3843 683 3914 nistitiamque
703 3845 918 3915 gaudiumque.
974 3826 976 3831 Ι

249 4055 288 4126 1))
310 4055 440 4112 Censura
461 4061 531 4128 post
552 4057 677 4113 tertium
692 4060 812 4129 podem,
828 4059 933 4115 addita
945 4060 1155 4116 semiternaria
1169 4061 1234 4116 sive
1247 4061 1366 4134 integra

212 4161 278 4217 sive
299 4180 354 4234 por
375 4163 497 4220 tmesin.
520 4165 629 4220 Forma
651 4171 697 4221 est
717 4166 805 4222 talis:

351 4377 411 4448 oui,
435 4377 530 4434 leotor
552 4378 696 4453 studiose,
720 4381 800 4453 quod
821 4380 944 4440 dedisti.
