3442 5392
822 539 995 596 ..10.-

369 715 508 786 Deinde,
531 721 566 770 ut
587 715 627 770 ad
647 719 871 786 pentametrum
892 719 1103 783 transeamus,
1125 716 1252 784 apparet
1282 711 1410 767 formam
1439 709 1486 781 ds,

329 829 473 892 quaeest
495 823 627 886 secunda
657 821 739 894 apud
760 822 930 892 Rutilium,
963 821 1094 893 primum
1115 821 1215 875 locum
1246 819 1383 874 obtinere
1406 818 1488 891 apud

327 929 508 998 Martialem,
532 928 696 999 Catullum,
714 929 882 997 Tibullum,
898 927 1100 1000 Ptopertium,
1116 925 1270 995 Ovidium,
1285 925 1486 997 Lygdamum,

327 1035 455 1091 formam
477 1034 518 1090 dd
540 1035 622 1107 apud
642 1035 825 1104 Martialem,
848 1035 1016 1104 Tibullum,
1039 1033 1242 1104 Propertium,
1258 1032 1401 1088 Ovidium
1422 1049 1488 1089 esse

326 1142 512 1211 secundam,
536 1142 657 1198 tertiam
678 1141 759 1213 apud
791 1141 946 1197 Catullum
967 1146 998 1196 et
1018 1140 1226 1212 Lygdamum,
1248 1140 1386 1196 ultimam
1406 1139 1488 1211 apud

326 1248 486 1319 Rutilium,
510 1248 638 1304 formam
671 1248 705 1302 sd
726 1247 854 1319 primam
888 1265 953 1304 esse
974 1247 1056 1318 apud
1076 1248 1237 1317 Rutilium,
1259 1247 1380 1303 tertiam
1407 1246 1488 1319 apud

328 1353 497 1410 Martialem
511 1359 543 1410 et
556 1353 759 1426 Propertium,
772 1359 936 1411 extremam
952 1355 1034 1426 apud
1044 1354 1208 1424 Catullum,
1224 1354 1392 1426 Tibullum,
1408 1356 1488 1425 Lyg-

328 1457 461 1526 damum,
484 1455 638 1526 Ovidium,
663 1455 792 1525 denique
813 1457 942 1512 formam
964 1472 993 1510 ss
1014 1455 1155 1509 ultimum
1169 1456 1267 1510 locum
1281 1455 1393 1510 habere
1407 1455 1488 1526 apud

327 1563 495 1618 Martialem
518 1567 549 1618 et
569 1563 772 1634 Propertium,
786 1562 951 1618 seeundum
972 1562 1053 1634 apud
1068 1562 1220 1616 Catullum
1235 1567 1266 1618 et
1286 1562 1486 1635 Lygdamum,

327 1671 450 1726 tertium
472 1670 553 1742 apud
574 1670 731 1725 Tibullum
753 1669 908 1739 Ovidimn,
930 1669 1090 1725 Rutilium.

367 1778 505 1848 Denique
521 1777 547 1832 si
562 1794 693 1832 summas
708 1776 897 1846 dactylorum
919 1781 950 1830 et
971 1777 1174 1846 spondeorum
1195 1776 1227 1831 in
1248 1781 1392 1847 quattuor
1406 1776 1487 1846 prio·

328 1886 413 1940 ribus
434 1885 601 1940 hexametri
621 1884 751 1955 pedibus
772 1889 802 1939 et
822 1885 856 1937 in
877 1883 977 1954 priore
998 1885 1181 1954 pentametri
1206 1883 1397 1939 hemisticbio
1418 1901 1487 1939 cum

326 1995 434 2050 ceteris
454 1993 552 2065 poetis
567 2010 786 2065 comparamus,
805 1992 1000 2047 manifestum
1015 1998 1061 2047 est
1076 1992 1157 2063 apud
1173 1993 1341 2063 Tibullum,
1358 1997 1392 2048 ut
1406 1992 1487 2062 apud

326 2102 518 2170 Martialem,
542 2118 689 2156 summam
721 2100 909 2169 dactylorum
937 2099 1073 2154 eamdem
1095 2100 1159 2155 fere
1187 2117 1253 2156 esse
1278 2116 1312 2155 ac
1340 2101 1487 2171 spondeo·

325 2227 405 2278 rum,
429 2213 535 2263 contra
556 2207 637 2278 apud
658 2205 801 2262 Ovidium
822 2204 1059 2275 frequentiorem
1090 2224 1178 2262 usum
1211 2207 1400 2277 dactylorum
1422 2225 1487 2265 csse

327 2332 417 2386 quam
439 2314 652 2385 spondaeum,
675 2312 757 2384 apud
779 2312 944 2381 Catullum,
960 2311 1164 2382 Propertium,
1178 2312 1380 2384 Lygdamum,
1403 2315 1487 2369 Ruti-

326 2423 401 2477 lium
422 2419 588 2476 crebriores
609 2436 674 2475 esse
695 2417 857 2488 spondeos.

368 2531 454 2586 Nunc
476 2534 588 2597 autem,
611 2531 646 2581 ut
666 2527 704 2582 ad
727 2527 896 2582 Martialem
919 2526 1088 2594 redeamus,
1109 2526 1274 2581 videndum
1289 2533 1335 2583 est
1349 2528 1488 2598 quotiens

327 2637 502 2692 hexameter
523 2632 575 2704 qui
590 2634 701 2689 habeat
713 2633 745 2687 in
759 2632 858 2703 primo
872 2632 950 2702 pede
964 2633 1119 2702 dactylum
1133 2637 1186 2688 aut
1200 2634 1367 2704 spondeum
1381 2634 1487 2689 adiun-

328 2750 380 2814 gat
400 2743 460 2799 sibi
481 2746 704 2814 pentametrum
726 2740 832 2796 eodem
846 2739 936 2793 modo
947 2744 1107 2796 structum.
1124 2741 1250 2796 Formae
1266 2741 1388 2797 omnino
1402 2747 1487 2813 quat-

328 2857 398 2905 tuor
419 2853 512 2918 srmt,
536 2865 602 2902 cum
625 2847 732 2902 autin
754 2851 883 2915 utroque
905 2819 996 2900 versu
1016 2846 1105 2901 initia
1136 2846 1286 2916 dactylica
1308 2850 1402 2920 (Dd),
1435 2854 1489 2904 aut

329 2955 493 3027 spondiaca
515 2953 571 3024 (Se)
594 2952 727 3008 inveniri
748 2952 878 3023 possint,
901 2956 954 3006 aut
975 2952 1115 3022 dactylus
1143 2952 1174 3007 in
1203 2953 1291 3008 initio
1319 2955 1487 3010 hexametri

328 3093 397 3129 cum
419 3073 553 3146 spondeo
584 3072 617 3126 in
638 3071 726 3125 initio
748 3069 931 3140 pentametri
953 3069 1045 3141 (Ds),
1072 3076 1125 3126 aut
1146 3071 1298 3142 spondeus
1327 3073 1360 3128 in
1384 3073 1438 3128 illo
1458 3078 1490 3129 et

328 3181 467 3250 dactylus
489 3179 521 3234 in
541 3179 598 3233 hoc
622 3175 699 3248 (Sd).
723 3175 860 3231 Summas
882 3191 956 3245 quas
978 3176 1084 3231 inveni
1103 3178 1178 3232 haec
1199 3178 1303 3233 tabula
1324 3178 1467 3235 ostendit.

192 3395 837 3628 mvn
866 3478 905 3539 1111
942 3482 973 3535 u
1014 3481 1036 3534 11
1073 3481 1174 3536 1111111
1205 3480 1245 3542 1111
1275 3479 1432 3543 illanc
1473 3437 1623 3590 ¹2:2¹³}

200 3629 1609 3644 ———————————————————————
1620 3628 1630 3669 11

229 3729 274 3778 Dd
340 3728 371 3776 51
407 3727 441 3776 92
475 3724 508 3773 80
543 3725 577 3774 72
611 3724 644 3774 88
679 3723 711 3772 09
746 3721 1116 3772 78105124138135113
1150 3723 1184 3772 82
1218 3723 1319 3774 63100
1353 3726 1422 3777 1300
1528 3763 1534 3775 .

233 3865 1423 3919 mrmwmwmmmmmmwwwmrm
1529 3905 1535 3917 .

228 4007 1422 4064 mawmmmwmmmmwwwwmrm
1530 3978 1631 4063 ,ἰ

237 4151 1422 4206 armmwmwmwwmwmwmwam
1527 4185 1561 4204 μ

186 4323 188 4413 j
206 4322 297 4385 sm...
324 4325 441 4374 188218
459 4323 644 4373 1812111288
661 4321 712 4370 rso
729 4321 779 4370 res
795 4322 842 4370 aar
863 4323 914 4370 282
930 4321 982 4370 aso
998 4321 1050 4369 270
1065 4322 1118 4370 288
1134 4323 1185 4371 188
1202 4322 1251 4371 raa
1268 4324 1319 4372 228
1352 4323 1423 4373 8888
1475 4322 1574 4372 1oo.oo
1622 4286 1632 4389 ⁸.-
