3442 5392
865 396 1040 456 -32-

413 575 470 630 Hie
491 589 609 645 quoque
631 575 753 630 valeant
774 591 850 644 quae
871 576 910 630 de
931 575 1034 630 verbis
1053 591 1082 629 er
1103 578 1134 629 et
1154 579 1196 629 est
1210 574 1307 644 deque
1327 573 1524 644 praepositio-

373 680 463 736 nibus
483 681 700 750 monosyllabis
722 681 785 736 dixi
806 683 844 736 ad
865 681 1015 737 clausulas
1036 681 1215 737 hexametri.

413 789 654 858 Uniusouiusque
675 789 790 844 formae
811 787 930 844 numeri
951 789 1008 842 hae
1028 788 1135 844 tabula
1160 787 1364 844 continentur.

272 1344 296 1391 A
373 1346 406 1396 34
452 1343 484 1392 84
519 1341 820 1392 5657625555
855 1340 1361 1390 86921218281446180
1396 1341 1466 1391 1050

273 1485 295 1533 Β
373 1487 405 1536 21
451 1485 485 1534 36
518 1484 551 1533 31
586 1486 618 1534 29
653 1486 686 1533 35
720 1486 753 1534 26
787 1485 821 1534 36
855 1485 888 1532 55
923 1484 955 1533 64
989 1485 1023 1532 66
1057 1485 1091 1532 55
1125 1482 1158 1530 59
1191 1482 1225 1532 34
1260 1485 1292 1533 19
1327 1483 1361 1533 52
1413 1485 1464 1534 616

273 1626 1226 1680 0181391017211922272234294122
1278 1627 1362 1675 714
1412 1627 1465 1681 333

274 1772 299 1820 D
390 1771 405 1820 7
450 1769 551 1819 2633
585 1771 618 1821 35
652 1770 685 1818 31,
719 1769 753 1818 28
787 1768 888 1818 3047
922 1767 956 1817 40
990 1769 1023 1818 65
1057 1766 1361 1817 5050343444
1412 1769 1464 1818 553

271 1917 294 1966 E
373 1913 404 1962 17
450 1913 483 1960 24
519 1913 551 1962 18
585 1915 619 1963 20
652 1913 685 1960 24
721 1913 753 1960 14
787 1911 820 1962 18
854 1910 888 1958 17
923 1911 955 1960 14
990 1912 1022 1960 19
1057 1909 1090 1958 23
1125 1909 1158 1958 26
1192 1911 1225 1959 23
1277 1911 1359 1959 511
1412 1912 1464 1961 273

271 2052 1465 2110 1126457355384163264

272 2195 1464 2252 01411--112222---17

403 3225 490 3279 Nune
512 3228 611 3277 autem
636 3223 659 3278 si
684 3222 797 3276 formas
818 3220 966 3275 Martialis
982 3238 1049 3274 rum
1064 3221 1172 3275 ceteris
1193 3221 1292 3292 poetis
1307 3237 1515 3290 comparamus

362 3329 436 3399 (Cir.
460 3330 572 3384 Plessis
593 3331 614 3384 1.
638 3329 659 3384 1.
683 3347 713 3400 p.
739 3329 807 3399 127)
829 3328 904 3382 haee
926 3327 988 3381 fere
1009 3327 1160 3381 monenda
1180 3325 1256 3380 mihi
1271 3326 1425 3381 videntur.
1442 3328 1515 3381 For-

362 3455 411 3492 ma
432 3437 459 3492 A
480 3437 561 3492 haud
582 3437 677 3491 multo
698 3437 767 3506 plus
787 3434 927 3488 minusve
948 3435 1105 3488 dimidiam
1127 3439 1243 3504 partem
1266 3434 1360 3489 totius
1381 3450 1515 3488 summae

362 3543 480 3598 obtinet
500 3543 581 3614 apud
603 3541 770 3610 Tibullum,
792 3540 993 3611 Lygdamum,
1017 3541 1207 3611 Propertium
1225 3541 1259 3612 (1.
1275 3540 1341 3613 IV),
1365 3539 1513 3595 Rutilium

360 3650 655 3717 Namatianu1n‚sed
678 3648 767 3703 etiam
790 3647 872 3717 apud
893 3652 1009 3701 eeteros
1031 3653 1135 3718 poetas
1155 3647 1343 3717 frequentior
1364 3652 1411 3702 est
1423 3664 1514 3716 quam

359 3759 441 3829 apud
456 3758 636 3813 Martialem.
653 3756 736 3810 Idem
751 3755 789 3810 de
804 3755 902 3810 forma
917 3757 940 3809 B
956 3754 1116 3809 dicendum
1131 3760 1188 3825 est,
1201 3756 1233 3810 in
1248 3773 1307 3824 qua
1320 3755 1377 3809 soli
1392 3754 1514 3810 Tibullo

361 3867 410 3937 (19
424 3859 472 3940 010)
494 3865 591 3919 anteit
613 3863 770 3918 Martialis:
794 3878 829 3916 ea
842 3863 941 3917 forma
959 3860 1092 3915 omnium
1114 3860 1359 3930 frequentissima
1373 3865 1419 3914 est
1432 3861 1513 3930 apud

359 3971 511 4026 Catullum
536 3971 585 4038 (44
598 3966 660 4046 0101,
684 3968 874 4040 Propertium
896 3962 990 4044 (1.1),
1014 3967 1155 4022 Ovidium
1179 3948 1394 4038 (Α11101111).111
1416 3967 1513 4020 forma

360 4075 382 4131 C
405 4074 553 4132 Martialis
581 4091 722 4130 numeros
743 4073 902 4144 Lygdami,
926 4072 1089 4143 Propertii,
1112 4072 1214 4126 Ovidii
1237 4066 1368 4147 (Amor.)
1389 4089 1512 4142 supera-

359 4184 414 4255 vit,
425 4202 443 4238 a
453 4184 584 4252 Catullo,
599 4200 617 4237 a
628 4183 761 4252 Tibullo,
772 4181 809 4235 ab
818 4181 927 4236 Ovidio
935 4181 1089 4251 (Trist.)‚a
1099 4180 1213 4234 Rutilio
1225 4179 1413 4250 aliquantulo
1425 4197 1511 4252 supe-
