3442 5392
814 519 988 576 ..86-

317 719 389 754 :1—
402 719 423 746 ν
442 721 463 745 ν
486 695 612 766 primam
630 711 748 766 semper
763 695 884 766 longam
898 695 1050 763 exhibere,
1068 693 1128 747 nisi
1143 691 1206 746 siut
1220 690 1344 746 nourina
1357 689 1480 761 propria

318 807 371 857 aut
392 820 429 856 ex
451 802 568 870 syllaba
589 819 620 857 re
632 802 809 872 composita,
823 803 953 872 denique
968 801 1129 857 verborum
1144 798 1235 852 huius
1248 798 1364 851 formae
1374 821 1402 854 ,ν
1413 829 1444 836 -
1453 821 1481 855 z

316 911 443 981 primam
468 915 636 981 correptam
659 927 726 966 csse
747 911 843 966 solum
867 909 899 964 in
912 911 973 965 fine
987 907 1166 975 hexametri,
1182 906 1279 960 autin
1289 910 1364 982 patr
1384 908 1416 958 et
1429 909 1480 957 uir·

315 1021 369 1071 aut
389 1017 421 1070 in
444 1017 544 1072 verbis
566 1034 603 1071 ex
624 1017 742 1084 syllaba
762 1033 794 1072 rc
808 1016 995 1087 compositis.

355 1127 418 1180 Has
432 1125 554 1194 quidem
569 1125 652 1194 leges
668 1123 816 1178 Martialis
831 1124 864 1177 in
879 1123 1019 1177 distichis
1035 1121 1177 1190 elegiacis
1192 1136 1311 1189 semper
1325 1117 1471 1186 servavit,

315 1231 340 1285 si
354 1231 429 1286 VIII
450 1232 519 1300 78,1
537 1230 703 1300 Phlepraea
725 1229 869 1299 excipias,
887 1229 941 1283 scd
962 1228 1098 1282 hocloco
1114 1225 1305 1281 excusandus
1320 1229 1376 1295 est,
1393 1223 1473 1292 quod

316 1337 353 1391 de
375 1337 496 1391 nonriue
517 1336 639 1407 proprio
661 1337 773 1406 agitur:
797 1335 977 1405 quinetiam
999 1335 1127 1405 primam
1142 1339 1173 1388 et
1189 1331 1349 1387 secundam
1373 1331 1471 1398 legem

316 1445 467 1499 interdum
485 1445 585 1516 (eberti,
598 1446 710 1514 patria,
719 1446 815 1514 patre)
831 1443 959 1498 Ovidius
973 1441 1111 1511 violavit,
1130 1456 1293 1510 numquam
1310 1437 1468 1493 Martialis.

357 1551 403 1605 De
424 1551 574 1620 positione
596 1550 700 1623 debili,
725 1567 801 1620 quae
822 1555 959 1619 vocatur,
982 1549 1064 1620 apud
1087 1549 1242 1603 TIbullum
1272 1546 1385 1616 optime
1412 1543 1476 1612 egit

317 1660 351 1714 P.
374 1658 445 1713 Rasi
468 1657 658 1727 (Reudiconti
673 1658 723 1713 del
737 1659 773 1714 R.
790 1659 913 1712 Istituto
929 1637 1100 1712 Lombardo
1114 1657 1146 1710 di
1160 1671 1202 1711 sc.
1216 1673 1233 1711 e
1249 1657 1316 1710 lett.
1334 1651 1417 1707 Seria
1430 1640 1472 1718 ΙΙ,

316 1766 385 1822 Vol.
409 1767 474 1838 XL,
498 1784 528 1836 p.
547 1767 668 1838 ets-73,
688 1767 775 1835 1907)
791 1771 822 1821 et
837 1766 919 1819 inter
933 1765 994 1819 alia
1007 1765 1064 1819 hoc
1078 1765 1221 1834 probavit
1236 1762 1384 1831 syllabam
1401 1765 1472 1814 ante

317 1875 359 1945 br,
383 1891 423 1946 er,
447 1891 493 1946 pr,
511 1890 562 1945 pr,
587 1879 615 1927 tr
634 1874 765 1944 positam
786 1889 854 1927 raro
876 1874 909 1927 in
931 1872 1043 1927 thesis
1058 1871 1180 1926 Tibullo
1197 1870 1373 1940 productam
1395 1885 1472 1924 esse.

316 1981 381 2044 Qua
402 1980 434 2035 in
455 1998 488 2035 re
509 1980 656 2035 Martialis
671 1997 688 2035 a
704 1979 820 2034 Tibulli
835 1979 1053 2034 consuetudine
1069 1978 1219 2035 discessit:
1235 1977 1379 2047 produxit
1393 1977 1473 2031 enim

316 2090 347 2143 in
365 2087 503 2144 distichis
518 2093 589 2142 ante
612 2089 654 2156 br,
672 2106 712 2160 cr,
729 2105 774 2160 qr,
793 2104 844 2159 pr,
869 2094 898 2142 tr
911 2089 1026 2143 centies
1048 2087 1227 2157 quadragies
1241 2086 1339 2141 sexies
1360 2085 1393 2138 in
1414 2083 1475 2138 arsi

316 2200 347 2249 et
361 2195 476 2250 centies
497 2195 591 2248 octies
613 2195 644 2248 in
665 2195 756 2267 thesi,
781 2195 928 2265 corripuit
949 2195 1105 2249 ducenties
1127 2193 1301 2264 quindecies
1323 2193 1353 2245 iu
1368 2191 1458 2246 thesi.

358 2303 446 2356 Nunc
467 2307 567 2356 cetera
587 2317 813 2371 persequamur.
837 2302 906 2356 dam
928 2301 1000 2355 Rasi
1022 2307 1054 2356 ct
1074 2301 1203 2369 Hilberg
1234 2299 1402 2353 docuerunt
1423 2298 1474 2351 Ti-

317 2409 434 2463 bullum
458 2414 488 2463 et
510 2408 649 2464 Ovidium
673 2408 805 2478 syllabas
827 2414 898 2463 ante
920 2410 958 2481 hl,
984 2411 1038 2480 tra,
1064 2411 1111 2480 ba,
1135 2409 1176 2482 dl,
1201 2408 1259 2479 dm,
1276 2406 1327 2477 du,
1350 2405 1390 2477 pl,
1414 2423 1471 2477 qm,

320 2515 494 2586 prepositae
515 2532 632 2586 semper
653 2515 842 2587 produxisse,
866 2533 965 2584 neque
986 2517 1076 2571 aliter
1091 2515 1164 2571 fecit
1178 2515 1337 2570 Martialis.
1362 2513 1475 2568 Contra

315 2621 365 2675 lex
386 2621 611 2677 Woelffliniaua
633 2621 767 2688 (Archiv.
791 2621 814 2674 f.
838 2622 892 2675 lat.
917 2623 991 2675 Lex.
1016 2622 1089 2676 VIlI
1111 2639 1141 2691 p.
1159 2622 1227 2692 420,
1244 2622 1330 2688 1893)
1343 2619 1472 2689 priorem

318 2727 461 2783 adlectivi
483 2727 533 2782 vel
555 2726 739 2782 substantivi
759 2730 837 2782 sueri
858 2729 1008 2810 syllabam
1032 2745 1050 2782 a
1071 2728 1193 2782 Tibullo
1216 2730 1383 2795 correptam
1405 2741 1472 2778 esse

315 2836 340 2889 si
364 2835 481 2904 syllaba
502 2833 597 2888 altera
625 2836 715 2904 longa
746 2838 847 2904 esset,
871 2835 1070 2904 productam,
1105 2833 1131 2888 si
1153 2834 1218 2888 eius
1249 2833 1349 2887 exitus
1370 2830 1472 2885 brevis

315 2942 469 3010 existeret,
493 2957 582 3011 saepe
603 2957 621 2996 a
642 2941 781 2996 Martiale
803 2940 941 3011 neglecta
962 2945 1020 2996 est:
1044 2945 1176 2995 ceterum
1199 2957 1238 2993 ne
1253 2939 1394 2993 Tibullus
1408 2937 1472 3007 qui·

313 3049 392 3120 dem,
416 3054 451 3103 ut
472 3049 606 3104 ostendit
627 3049 698 3103 Rasi
722 3047 812 3117 (Berl.
839 3048 914 3119 phil.
932 3049 1039 3104 Woch.
1063 3066 1094 3118 p.
1119 3049 1176 3103 573
1194 3063 1258 3116 sqq.
1284 3047 1383 3116 1907),
1407 3061 1471 3098 cani

316 3157 413 3227 legem
436 3156 547 3224 ubique
570 3157 714 3210 servavit.

353 3263 397 3316 III
419 3263 519 3317 Pauca
540 3262 577 3315 de
597 3262 795 3331 productione
817 3261 932 3316 vocalis
946 3262 1050 3316 brevis
1063 3263 1096 3316 in
1111 3277 1233 3315 caesura
1247 3258 1376 3314 dicenda
1389 3262 1470 3312 sunt.

313 3371 399 3423 Hanc
419 3369 573 3423 licentiam
594 3373 642 3423 ter
663 3369 693 3422 in
716 3369 900 3423 hexametris
932 3369 1080 3422 Martialis
1105 3368 1290 3438 deprehendi
1315 3369 1394 3436 (tuus
1415 3364 1473 3420 Vll

313 3477 362 3544 44,
387 3479 404 3532 1
427 3479 458 3529 et
479 3475 508 3528 X
530 3476 579 3544 89,
604 3469 726 3545 lpctiit
747 3476 775 3528 X
797 3476 892 3545 60,1),
926 3476 1018 3529 semel
1044 3476 1076 3528 in
1098 3479 1287 3545 pentametro
1319 3472 1474 3543 (Caesa-rea

313 3597 394 3634 nom.
418 3581 496 3651 sing.
515 3580 565 3652 Sp.
583 3581 603 3636 l.
629 3583 742 3652 28,IO).
767 3581 929 3636 Praeterea
943 3581 1061 3635 duobus
1076 3581 1145 3635 aliis
1159 3580 1244 3636 locist
1260 3582 1289 3633 Il
1303 3581 1372 3650 66,8
1385 3580 1473 3649 dipsa

311 3699 393 3737 nom.
408 3683 486 3753 sing.
504 3688 534 3737 et
555 3683 581 3737 V
604 3685 673 3747 69,3
690 3683 823 3738 Roruuaa
838 3699 900 3738 acc.
917 3681 959 3752 pl.
977 3683 1095 3752 syllaba
1108 3682 1209 3736 finalis
1223 3687 1328 3737 contra
1340 3680 1473 3735 omnium

313 3788 562 3843 consuetudinem
584 3790 732 3859 producta
760 3794 816 3844 est.

350 3896 405 3952 IV.
433 3897 479 3950 De
510 3913 567 3950 usu
598 3897 810 3966 genetivorum
841 3896 873 3949 iu
905 3897 951 3950 ius
977 3895 1154 3950 exeuntium
1187 3900 1326 3949 accurate
1357 3893 1474 3948 Ritschl

313 4003 433 4074 (Opuse.
458 4003 488 4056 II
509 4019 540 4072 p.
565 4004 707 4072 eea-708)
729 4003 876 4058 disseruit
895 4002 1095 4072 probavitque
1116 4003 1149 4056 in
1169 4003 1232 4056 illis
1253 4002 1403 4072 genetivis
1425 4002 1472 4056 ci-

312 4110 430 4164 ceronis
445 4114 544 4164 aetate
565 4111 700 4164 vocalem
722 4109 810 4164 isere
825 4125 945 4180 semper
959 4115 1126 4178 correptam
1141 4109 1248 4178 fuisse,
1265 4112 1369 4163 contra
1381 4108 1473 4172 Quin·

312 4215 411 4269 tiliani
433 4216 620 4286 temporibus
642 4217 738 4270 solum
761 4217 894 4287 longam.
920 4218 1020 4286 Atque
1041 4215 1190 4270 Martialis
1204 4232 1323 4285 semper
1336 4215 1471 4269 vocalem

310 4323 322 4377 i
341 4321 496 4393 produxit,
520 4323 572 4378 sed
594 4324 675 4392 quod
697 4328 744 4378 est
765 4324 898 4394 alterius,
922 4341 990 4378 cum
1004 4323 1062 4378 hoc
1075 4322 1203 4378 verbum
1218 4323 1250 4376 in
1264 4323 1471 4377 hexametrum
