3442 5392
722 387 923 446 ...17-

231 582 232 587 ¹
293 562 445 630 Denique,
468 563 549 632 quod
571 561 610 618 ad
632 561 814 632 elegantiam
835 562 958 634 attinet,
987 564 1086 618 forma
1105 564 1133 617 A
1154 563 1244 634 longe
1271 565 1406 619 omnium

249 667 453 739 pulcherrima
470 675 527 738 est,
554 669 607 724 sed
628 668 720 724 etiam
741 669 856 725 formae
878 672 903 724 B
924 675 956 725 et
976 671 1004 724 D
1026 671 1180 741 legitimae
1201 672 1317 740 optimo
1338 672 1404 727 iure

249 779 410 834 habentur.
435 779 545 841 Forma
561 777 582 832 0
597 777 697 832 minus
718 784 765 833 est
785 778 943 848 probanda
958 778 1025 849 (cfr.
1043 778 1154 848 Klapp‚
1172 780 1404 848 Bemerknngen

232 880 342 939 -ueher
363 884 411 938 die
433 885 566 955 Hephth.
590 887 643 941 des
668 883 773 940 latein.
796 885 924 939 Hexam.
948 885 1047 940 Posen
1072 887 1181 952 1868),
1206 886 1259 940 sed
1280 887 1403 940 omuino

250 991 467 1062 vituperandae
479 998 551 1048 suut
562 993 677 1048 formae
688 995 712 1048 E
725 997 756 1048 et
765 994 801 1061 F,
815 991 925 1061 quibus
935 993 1090 1048 rarissime
1101 993 1248 1048 Martialis
1259 1010 1331 1048 usus
1342 1001 1400 1050 est.

287 1100 330 1153 IV
349 1100 419 1154 lam
441 1117 512 1154 vero
533 1101 572 1154 ad
593 1117 732 1156 caesuras
753 1101 937 1171 pentametri
957 1105 1156 1156 transeamus.

286 1201 367 1260 Haec
389 1207 570 1276 pentametri
590 1207 641 1262 lex
662 1212 708 1262 est
728 1205 876 1262 incisione
898 1212 932 1261 ut
952 1206 1168 1276 semiquinaria
1181 1209 1240 1262 duo
1262 1209 1293 1264 in
1307 1209 1401 1263 hemi-

245 1311 353 1368 stichia
384 1313 549 1369 dividatur.
574 1314 701 1369 Perraro
721 1314 860 1370 invenias
892 1319 1096 1384 pentametros
1122 1315 1177 1372 tali
1209 1332 1331 1369 caesura
1354 1334 1400 1370 ca-

245 1425 346 1474 rentes
367 1419 442 1490 (Cir.
466 1421 502 1476 E.
526 1421 562 1476 B.
587 1422 702 1491 Lessa,
726 1420 821 1476 Class.
846 1419 969 1476 Review
989 1421 1047 1475 XV
1068 1438 1099 1491 p.
1132 1422 1207 1493 362,
1233 1423 1323 1492 1901)
1345 1439 1400 1477 nec

243 1525 338 1579 ullum
360 1526 441 1595 apud
462 1526 631 1581 Martialem
652 1531 754 1582 tautae
776 1526 917 1582 licentiae
937 1526 1108 1596 exemplam
1136 1533 1245 1584 exstat.
1279 1527 1337 1582 Sed
1368 1528 1400 1582 in

241 1631 341 1702 priore
362 1647 481 1701 quoque
502 1633 685 1702 pentametri
705 1638 792 1704 parte
813 1633 988 1704 saepissime
1009 1632 1070 1688 alia
1091 1651 1215 1688 caesura
1229 1636 1318 1705 inest,
1334 1636 1397 1706 ple-

240 1743 364 1808 ru'mque
385 1746 454 1809 post
476 1739 557 1794 arsin
578 1741 702 1794 secundi
716 1741 814 1811 pedis,
834 1741 932 1796 rarius
946 1745 1017 1810 post
1030 1741 1195 1797 secundum
1208 1742 1395 1811 trochaeum,

239 1845 389 1900 rarissime
411 1852 481 1915 post
501 1847 643 1915 primum.

276 1949 407 2006 Caesura
430 1952 637 2007 semiternaria
658 1958 712 2007 aut
733 1953 867 2022 perlaeta
888 1957 935 2006 est
961 1957 1015 2006 aut
1040 1969 1095 2022 per
1121 1953 1243 2009 tmesin.
1278 1953 1393 2008 Prioris

235 2055 350 2112 formae
372 2059 429 2113 hoc
450 2065 498 2113 est
518 2061 711 2130 exemplum:

410 2221 439 2268 et
458 2220 539 2270 vario
558 2219 655 2268 faciles
674 2221 773 2270 ordine
792 2221 889 2283 pinxit
909 2236 997 2284 aquas
1017 2220 1076 2283 (Sp.
1097 2222 1117 2270 l.
1139 2221 1215 2288 26,2)

235 2374 266 2423 et
287 2370 462 2439 posterioris
483 2373 559 2426 hoo:

349 2533 378 2578 et
396 2531 472 2580 bibis
491 2531 664 2580 immundam
684 2547 746 2580 curn
766 2548 834 2582 caue
852 2549 958 2596 pronus
978 2548 1080 2596 aquam
1099 2533 1124 2595 (I
1144 2534 1187 2599 92,
1209 2535 1254 2596 10)

232 2687 286 2736 aut
307 2683 380 2738 hoc:

390 2845 465 2906 (laod
484 2845 565 2892 (leuet
584 2844 613 2890 in
633 2846 693 2894 sola
712 2846 841 2896 Caesaris
860 2860 920 2894 esse
938 2847 1020 2896 domo
1040 2847 1104 2913 (lx,
1125 2847 1169 2911 12,
1191 2846 1228 2909 8).

268 2993 314 3048 De
336 3013 458 3052 caesura
478 3014 534 3067 per
555 2998 665 3052 tmesin
687 2998 742 3054 cfr.
767 2998 879 3052 Plessis
899 2998 946 3054 l.l.
969 3016 1000 3068 p.
1025 3002 1074 3071 23,
1099 3001 1184 3054 ouius
1198 3000 1280 3054 viam
1294 3017 1386 3056 acra-

118 3169 120 3172 ,
227 3098 341 3154 tionem
362 3108 483 3158 secutus
504 3120 580 3158 sum.
604 3105 670 3160 Hae
691 3104 768 3160 duae
789 3106 904 3162 formae
930 3105 1021 3176 longe
1042 3108 1176 3161 omnium
1204 3089 1384 3177 frequentis-

228 3207 321 3262 simae
343 3214 429 3276 sunt,
453 3227 521 3264 cum
549 3211 582 3264 in
603 3229 655 3266 vv.
681 3213 758 3268 2433
782 3214 893 3284 (tata
914 3210 968 3287 ⁰!0)
994 3213 1199 3269 inveniantur.
1228 3216 1384 3272 Interdum

226 3328 366 3368 caesurae
388 3316 613 3373 seruiternariae
635 3319 739 3374 addite
759 3326 805 3374 est
825 3320 932 3374 incisio
953 3325 1023 3389 post
1043 3321 1174 3390 primum
1195 3325 1380 3380 trochaeum.

267 3419 408 3490 Sequitur
419 3441 542 3478 caesura
552 3431 622 3495 post
636 3428 800 3482 secundum
816 3429 1000 3498 trochaeum,
1018 3427 1104 3483 cuius
1118 3430 1192 3484 haec
1207 3437 1253 3485 est
1267 3432 1364 3487 forma
1373 3409 1388 3488 εΙ

433 3596 590 3647 Veientana
608 3602 686 3648 tuam
705 3600 730 3649 si
749 3601 845 3651 domat
865 3618 922 3653 uva
941 3603 1020 3652 sitim
1039 3603 1079 3667 (ΙΙ
1098 3603 1173 3666 53‚a)

262 3774 360 3828 Huius
381 3792 522 3830 caesurae
545 3779 601 3833 307
625 3787 696 3834 sunt
717 3784 865 3852 exemplat
891 3783 942 3853 Sp.
966 3783 987 3838 l.
1012 3787 1162 3857 4‚4;‘5,4;
1187 3788 1268 3858 11,6;
1294 3790 1376 3860 12,4;

223 3877 304 3946 13,6;
329 3879 410 3946 21‚4;
437 3881 539 3948 22‚10;
564 3882 646 3951 24,2;
671 3885 700 3951 43
725 3887 808 3956 27,6;
833 3887 862 3955 83
888 3888 970 3957 29,8;
994 3889 1008 3941 l
1031 3892 1092 3959 3,a;
1116 3891 1179 3960 4,6;
1205 3892 1278 3961 8‚4;
1312 3893 1375 3962 9,2;

223 3977 303 4051 1263
329 3985 410 4054 14‚4;
436 3988 463 4055 63
489 3989 571 4057 1523
598 3991 679 4060 19,2;
704 3994 796 4062 21,6;
821 3995 904 4063 24‚2;
929 3995 1021 4065 34‚4;
1046 3998 1139 4067 36,4;
1164 3999 1256 4067 39,2;
1291 4001 1374 4069 aaa

220 4084 302 4159 4'3‚6;
327 4091 409 4162 4735
435 4094 517 4163 48‚2;
543 4097 625 4165 58,l;
651 4099 732 4167 63‚2;
757 4101 839 4171 71,4;
866 4102 949 4171 88‚2;
974 4105 1066 4172 90,8;
1092 4106 1184 4175 92‚8;
1210 4107 1322 4175 101,8;
1347 4107 1377 4160 Il

128 4239 143 4267 a
220 4195 281 4264 1‚8;
305 4197 367 4267 7,t·;
392 4199 454 4269 8723
479 4202 561 4271 27,2;
586 4202 667 4272 34‚4-;
692 4204 773 4275 38‚2;
799 4208 881 4276 53,4;
906 4208 988 4277 58,2;
1014 4209 1096 4281 69‚4;
1121 4212 1203 4280 75,a;
1230 4212 1374 4280 76,2;111

251 4292 348 4335 Cassan
364 4296 535 4340 Grasasrsuo.
545 4321 569 4328 —
578 4301 616 4341 De
630 4301 663 4342 M.
684 4287 732 4343 Val.
748 4303 868 4344 Martialis
882 4305 918 4346 Re
933 4306 1036 4347 Matrica
1329 4323 1341 4353 2
