3442 5392
685 601 858 659 „33-

173 761 274 834 ¹ratus
294 782 352 834 est.
377 780 421 834 Ea
441 777 539 834 forma
564 776 722 834 rarissima
741 782 788 834 est
819 778 901 848 apud
921 776 1113 848 Propertium
1142 776 1218 848 (fere
1247 770 1343 850 NJ).

191 885 301 940 Forma
324 884 351 938 D
373 882 405 939 in
427 884 580 940 Tristibus
594 885 696 940 Ovidii
712 885 817 940 cadem
831 884 1002 952 frequentia
1021 882 1179 937 invenitur
1192 898 1252 950 qua
1265 879 1347 951 apud

192 991 373 1060 Martialem,
403 989 455 1046 sed
483 991 565 1062 apud
588 991 721 1060 reliquos
745 995 852 1061 poetas
873 991 970 1045 rarior
990 995 1048 1059 est,
1060 988 1238 1060 praesertim
1259 988 1340 1057 apud

191 1098 344 1156 ortulum
365 1099 396 1169 (2
417 1093 478 1175 ss).
502 1101 538 1156 In
569 1099 667 1154 Iorma
687 1100 711 1153 Ε
733 1115 876 1153 numeros
903 1096 1053 1153 Martialis
1083 1098 1148 1152 fere
1175 1099 1344 1166 aequarunt

190 1205 324 1261 Rutilius
347 1207 376 1276 (8
388 1203 436 1280 ο(5)
456 1211 489 1264 et
511 1207 650 1262 Tibullus
673 1208 702 1277 (7
715 1203 776 1281 Ἃ),
799 1206 909 1275 reliqui
931 1223 966 1260 ea
987 1206 1107 1275 parcius
1122 1204 1169 1259 usi
1190 1209 1272 1273 sunt,
1289 1203 1345 1256 isn-

191 1311 299 1382 primis
320 1312 447 1371 Ovidius
474 1314 507 1367 in
527 1314 631 1370 Amor.
656 1317 683 1384 (1
706 1311 765 1390 ss).
789 1313 928 1382 Demque
956 1311 1089 1382 reliquae
1110 1312 1226 1367 formae
1253 1311 1345 1366 etiam

192 1414 276 1485 apud
296 1419 414 1472 ceteros
434 1421 541 1487 poetas
562 1433 630 1474 raro
651 1416 859 1472 inveniuntur.

231 1523 397 1579 Veniamus
417 1541 498 1580 nunc
518 1526 557 1580 ad
578 1525 699 1582 finalem
720 1525 916 1596 pentametri,
938 1524 977 1580 de
997 1541 1058 1592 qua
1077 1524 1151 1577 haec
1183 1539 1280 1594 pauca
1300 1523 1345 1577 di-

191 1629 287 1684 cenda
307 1634 388 1686 sunt.
413 1629 524 1701 Optimi
547 1636 654 1702 poetae
676 1645 795 1702 semper
815 1635 963 1686 caverunt
983 1647 1022 1684 ne
1043 1632 1265 1700 pentametrum
1290 1646 1343 1682 vc-

188 1735 246 1790 cali
267 1736 354 1791 brevi
375 1741 480 1808 aperta
512 1737 688 1793 clauderent
709 1736 785 1807 (Gir.
810 1736 966 1792 Zambaldi
986 1737 1007 1793 l.
1032 1737 1054 1790 l.
1077 1753 1108 1806 p.
1133 1737 1202 1804 249,
1229 1735 1342 1803 Christ,

191 1842 304 1898 Metrik
325 1843 379 1898 der
400 1842 549 1900 Griechen
570 1844 633 1898 und
653 1845 774 1914 Riimer,
798 1842 921 1914 Leipzig
946 1845 1024 1899 1879
1038 1860 1069 1913 p.
1088 1844 1158 1910 2085
1174 1843 1257 1912 Rasi,
1273 1845 1342 1898 Bol-

190 1950 301 2006 lettino
321 1948 353 2003 ci
374 1949 417 2005 fil.
440 1951 528 2005 class.
552 1951 567 2004 Ι
589 1967 621 2021 p.
638 1951 676 2006 88
698 1953 770 2021 sq),
787 1968 876 2021 quam
890 1951 987 2021 legem
1006 1949 1042 2004 in
1056 1967 1108 2006 vv.
1125 1951 1163 2005 64
1177 1973 1211 1998 =
1226 1946 1343 2025 1,93⁰st,

190 2057 339 2113 Martialis
359 2058 459 2128 laesit,
483 2058 514 2114 id
536 2064 583 2114 est
603 2061 694 2130 paulo
715 2060 906 2129 frequentius
927 2075 1016 2128 quam
1031 2058 1158 2114 Ovidius
1178 2058 1211 2112 iu
1226 2058 1343 2113 Amori·
1434 2129 1438 2139 ι

189 2164 258 2234 bus,
275 2166 328 2220 sed
342 2165 441 2220 rarius
454 2181 545 2235 quam
566 2165 714 2235 Catullus,
738 2165 890 2235 Tibullus,
904 2165 1080 2236 Propertius
1101 2165 1177 2237 (00.
1201 2165 1283 2234 Rasi,
1300 2167 1346 2220 Dc

190 2271 269 2341 eleg.
291 2271 345 2326 lat.
370 2287 468 2342 comp.
493 2277 525 2326 et
552 2271 649 2326 forma
669 2289 700 2342 p.
725 2274 761 2328 91
785 2289 830 2341 sq.
854 2277 886 2327 et
908 2272 964 2327 143
987 2289 1033 2341 sq,
1061 2276 1092 2326 ct
1124 2271 1203 2328 BoII.
1231 2271 1264 2326 ui
1286 2272 1346 2328 Fil.

188 2377 277 2432 class.
300 2377 314 2430 Ι
335 2392 366 2446 p.
390 2377 428 2432 87
450 2393 496 2446 sq.
521 2378 632 2447 1894):
655 2381 688 2432 at
714 2376 848 2432 Rutilius
881 2378 1081 2433 Namatianus
1111 2377 1188 2432 tales
1219 2378 1346 2434 facetias

188 2481 313 2537 omnino
333 2483 446 2539 vitavit
468 2483 543 2555 (efr.
566 2483 648 2552 Rasi,
661 2484 730 2538 Riv.
755 2483 786 2538 di
807 2485 866 2539 Pil.
891 2483 979 2539 class.
997 2484 1083 2539 XXV
1107 2486 1222 2555 pist,
1240 2486 1341 2554 1897).

189 2590 275 2644 Hauc
296 2589 449 2646 licentiam
472 2590 620 2646 Martialis
641 2589 743 2646 tricies
773 2589 867 2644 octies
890 2591 914 2655 (Ι
936 2592 998 2662 4585
1024 2592 1106 2662 78565
1129 2593 1211 2660 91,25
1236 2594 1338 2661 103565

188 2697 321 2767 Ι116565
347 2701 417 2766 2254
431 2717 438 2767 5
464 2699 546 2767 34525
571 2698 653 2768 56545
678 2698 759 2768 71565
784 2698 829 2752 III
852 2699 934 2767 19,65
958 2699 1061 2766 385125
1085 2699 1167 2767 86545
1192 2699 1235 2754 IV
1258 2699 1339 2768 72545

190 2805 291 2874 785105
315 2804 342 2859 V
365 2806 445 2875 31,4;
471 2804 553 2873 76,45
577 2803 619 2858 VI
643 2805 744 2874 105105
770 2805 850 2871 11,65
876 2805 957 2873 44525
976 2806 1057 2874 85585
1075 2805 1133 2859 VH
1150 2807 1231 2874 19,65
1257 2807 1338 2874 25,25

189 2911 270 2979 33525
295 2910 369 2965 VIII
391 2911 472 2978 28,6;
497 2911 579 2980 37545
604 2910 687 2980 46545
711 2911 793 2978 50525
817 2909 863 2962 ΙΧ
884 2911 965 2978 82565
991 2911 1100 2978 100,25
1125 2911 1154 2964 X
1176 2911 1268 2979 46,25
1298 2911 1343 2964 XI

189 3017 238 3086 395
263 3019 311 3086 105
337 3017 418 3084 56565
444 3016 554 3084 605105
579 3015 639 3069 XII
661 3018 743 3086 12525
768 3017 849 3085 94565
874 3015 946 3069 XIV
968 3017 1049 3083 45525
1076 3017 1156 3084 78525
1182 3017 1284 3088 118,2)
1312 3016 1345 3070 in

188 3123 332 3178 clausulis
352 3122 510 3192 bisyllabis
541 3123 599 3180 sibi
621 3124 771 3194 sumpsit,
794 3124 875 3193 quod
895 3123 985 3178 facile
1005 3123 1162 3178 ferendum
1191 3128 1258 3192 est,
1289 3125 1343 3178 sed

188 3229 300 3299 septies
322 3229 372 3297 (ΙΙ
394 3230 476 3299 32565
500 3229 545 3282 ΙΙΙ
567 3227 647 3298 37525
671 3229 754 3297 49525
777 3229 821 3283 VI
842 3230 923 3297 67525
949 3229 1007 3283 VII
1030 3229 1120 3297 77525
1145 3228 1219 3284 VIII
1248 3231 1318 3295 2752
1331 3250 1339 3299 5

188 3335 247 3390 XII
269 3336 362 3406 4056)
384 3335 416 3388 in
438 3335 614 3405 trisyllabis,
638 3335 750 3404 septies
772 3333 873 3388 decies
895 3334 936 3404 (ΙΙ
958 3334 1039 3402 64545
1071 3334 1116 3388 ΙΙΙ
1146 3336 1227 3403 21525
1259 3336 1340 3406 70545

189 3444 270 3512 75525
295 3445 376 3512 79525
400 3443 443 3498 IV
466 3445 547 3514 19545
572 3445 654 3513 20545
678 3443 705 3498 V
720 3444 801 3512 33525
818 3443 862 3497 VI
888 3443 970 3511 36525
987 3441 1045 3497 VII
1060 3443 1142 3511 87525
1160 3443 1234 3498 VIII
1255 3444 1337 3513 60525

188 3548 229 3604 IX
252 3551 334 3618 66545
357 3551 386 3604 Χ
408 3552 489 3620 75,65
513 3551 557 3604 XI
572 3550 653 3619 37525
671 3550 730 3604 XII
746 3551 827 3618 72565
847 3551 927 3617 76,25
944 3549 1016 3603 XIV
1039 3550 1141 3620 126,2)
1155 3551 1189 3604 in
1202 3551 1342 3618 tetrasyl-

187 3654 276 3724 labis,
299 3655 346 3709 bis
369 3655 423 3725 (IV
446 3657 516 3725 2958
538 3661 569 3710 et
589 3656 649 3710 XII
672 3657 752 3726 7852)
777 3655 808 3709 in
838 3656 1070 3727 pentasyllabis,
1093 3673 1153 3725 qua
1174 3657 1206 3710 iu
1230 3674 1262 3710 re
1288 3658 1342 3712 Ca-

186 3763 309 3832 tullum,
333 3760 500 3831 Tibullum,
523 3761 714 3832 Propertium
735 3753 856 3816 secutus
877 3767 934 3816 est.
948 3762 1074 3817 Ovidius
1087 3761 1169 3816 enim
1194 3762 1343 3832 bisyllaba

186 3872 306 3922 tentum
326 3866 425 3922 vocali
455 3867 542 3922 brevi
563 3871 668 3938 aperta
689 3867 837 3922 conclusit
859 3867 904 3938 (in
924 3868 1055 3938 Amor),
1073 3869 1215 3924 Tibullus
1239 3875 1341 3925 autem

185 3973 342 4043 trisyllaba
363 3991 481 4044 quoque
501 3978 532 4029 et
552 3975 773 4044 pentasyllaba,
797 3980 829 4030 at
849 3991 1013 4044 numquam
1037 3976 1245 4047 tetrasyllaba,
1261 3995 1339 4047 quae

186 4079 318 4134 omnium
340 4080 553 4136 molestissima
573 4085 654 4134 sunt.
678 4082 714 4135 In
740 4081 883 4136 finalibus
913 4081 1096 4151 pentametri
1127 4084 1339 4152 computandis

187 4189 306 4266 vocales
327 4189 475 4261 anpriies
496 4190 621 4244 omnino
641 4189 772 4260 neglexi.

227 4297 296 4352 VII.
322 4295 395 4351 Tria
416 4296 574 4352 elisionum
597 4313 707 4367 genera
730 4302 812 4368 sunt,
836 4313 963 4365 quorum
984 4314 1078 4351 unum
1100 4297 1241 4353 elisiones
1262 4316 1340 4353 com-

189 4403 343 4475 plectitur,
360 4419 436 4474 quae
456 4403 579 4474 proprio
599 4401 721 4457 nomine
735 4402 939 4474 appellantur,
955 4406 1086 4459 alterum
1106 4422 1255 4476 apocopae
1276 4405 1341 4461 siue

219 4506 317 4550 Cassan
332 4507 538 4550 G1Asmauo.-
547 4507 585 4548 De
599 4506 633 4547 M.
653 4507 702 4548 Val.
717 4504 838 4546 Martialis
852 4507 888 4548 Re
903 4506 1005 4548 Metn'co
1294 4520 1306 4558 3
1421 4564 1423 4567 Ι
