3442 5392
805 550 980 606 ..14-

313 725 345 781 in
367 725 406 780 iis
428 742 547 795 quoque
569 725 718 798 versibus,
736 728 768 780 in
790 725 900 796 quibus
921 723 998 779 levis
1019 722 1166 794 quaedam
1188 725 1395 795 interpunctio
1415 729 1468 781 aut

314 831 464 887 sermonis
485 836 646 886 contextus
667 831 797 901 quodam
819 830 909 885 modo
930 846 1099 900 repugnare
1119 829 1269 902 videatur,
1293 830 1393 887 velut:

433 1021 513 1084 optat
532 1021 561 1068 et
579 1020 711 1068 obscuras
729 1019 806 1067 luces
824 1018 982 1080 ventosque
1000 1017 1137 1080 nivesque
1157 1017 1207 1079 (VI
1226 1015 1302 1078 593)

503 1332 593 1382 leniat
612 1335 645 1382 ut
664 1331 759 1382 fauces
779 1331 916 1398 medicus,
935 1344 1006 1394 quas
1024 1344 1124 1394 aspera
1141 1333 1228 1381 vexat

573 1430 691 1480 adsiduo
710 1430 807 1497 tussis,
827 1429 1050 1492 Parthenopaeo,
1070 1428 1136 1494 tibi,

503 1528 586 1578 mella
605 1528 667 1576 dari
687 1527 856 1590 nucleosque
876 1527 956 1575 iubet
974 1530 1028 1577 etc.
1050 1527 1101 1588 (XI
1120 1526 1183 1592 86,1
1204 1529 1280 1590 sqq.)

313 1679 366 1735 ubi
387 1679 464 1735 illud
492 1680 620 1736 mediona-
645 1698 712 1736 cum
735 1697 770 1735 eo
792 1680 873 1749 quod
894 1683 941 1734 est
961 1679 1039 1733 iubet
1062 1678 1268 1753 coniungitur,
1290 1681 1371 1735 unde
1400 1682 1468 1737 sub-

312 1785 470 1842 distinctio
498 1791 567 1858 post
588 1787 750 1858 septimum
772 1785 954 1856 semipedem
976 1785 1077 1856 posita
1100 1801 1162 1838 non
1184 1785 1285 1840 obstat
1308 1786 1469 1855 quominus

312 1898 383 1964 post
403 1892 480 1949 illud
495 1894 601 1964 fauces
622 1893 799 1948 incisionem
822 1893 967 1947 maiorem
989 1896 1168 1947 statuamus.

352 2001 411 2057 Sed
431 2007 535 2057 tamen
557 2019 682 2058 caesura
704 2000 921 2070 semiquinaria
941 2000 1154 2072 posthabenda
1181 2006 1227 2058 est
1253 2019 1319 2057 cum
1345 2003 1468 2074 gravius

309 2114 379 2180 post
400 2112 482 2166 arsin
505 2112 605 2182 quarti
627 2112 714 2183 pedis
736 2110 964 2182 interpungitur
985 2115 1039 2166 aut
1067 2109 1093 2164 si
1116 2111 1212 2166 totius
1233 2111 1378 2167 orationis
1399 2111 1468 2167 finis

312 2216 343 2271 id
365 2220 510 2288 postulet.
532 2220 598 2274 Hoc
619 2224 666 2274 est
687 2219 876 2289 exemplum:

431 2380 573 2429 masculus
593 2379 716 2431 intravIt
734 2378 831 2429 fontis:
853 2377 971 2428 emersit
991 2379 1144 2441 utrumque
1163 2379 1356 2443 (x1v174,1).

351 2530 467 2596 Quibus
488 2532 644 2605 expositis,
663 2510 763 2587 facilis
784 2535 831 2586 est
853 2531 1029 2586 coniectura
1042 2547 1104 2585 non
1118 2531 1222 2586 deesse
1237 2547 1343 2589 versus
1356 2533 1389 2588 in
1403 2533 1469 2602 qui-

313 2638 370 2692 bus
392 2637 446 2692 vix
466 2638 625 2694 diiudicari
652 2638 749 2709 possit
775 2642 844 2691 utra
869 2636 977 2690 incisio
999 2636 1040 2690 sit
1064 2638 1288 2706 anteponenda.
1313 2638 1355 2693 Ut
1375 2636 1470 2708 igitur

313 2745 389 2802 viris
410 2747 507 2802 doctis
529 2763 611 2802 meos
640 2762 781 2800 numeros
802 2745 952 2816 corrigere
973 2745 1074 2818 liceat,
1097 2761 1179 2799 nunc
1199 2763 1251 2800 eos
1272 2763 1377 2801 versus
1398 2747 1468 2801 affe-

310 2871 386 2928 ram,
410 2855 520 2924 quibus
541 2871 602 2908 uon
624 2853 690 2908 sine
711 2853 813 2921 aliqua
834 2850 1026 2906 dubitatione
1047 2868 1202 2907 caesuram
1224 2853 1470 2922 semiquinariam

310 2962 415 3017 tribui.
440 2963 481 3016 Hi
502 2966 594 3017 sunt:
618 2962 632 3015 I
656 2963 738 3033 39,5;
766 2962 849 3032 44,1;
875 2961 958 3033 76,3;
983 2962 1066 3033 87,7;
1083 2961 1127 3014 III
1144 2961 1227 3032 94,1;
1251 2960 1278 3015 V
1300 2963 1402 3033 22,11;
1426 2962 1470 3017 VI

312 3070 394 3139 35‚3;
419 3070 503 3142 43,5;
528 3070 611 3139 93,3;
629 3069 786 3140 v1118,5;
803 3068 879 3124 VIII
903 3068 985 3139 30,3;
1003 3069 1086 3140 41,3;
1103 3068 1223 3139 1X8,1;
1240 3068 1323 3140 49,3;
1340 3068 1369 3121 X
1384 3069 1467 3142 54,1;

310 3177 355 3230 XI
377 3177 459 3246 99,3;
483 3177 543 3232 XII
566 3176 648 3248 28‚3;
672 3175 747 3229 XIII
770 3175 852 3246 54,1;
877 3173 950 3228 XIV
973 3175 1055 3246 80,1.

355 3282 498 3353 Sequitur
519 3298 643 3336 caesura
663 3281 941 3352 hephthcmimeres
956 3279 1021 3335 sive
1037 3279 1295 3353 semiseptenaria,
1313 3285 1383 3351 post
1404 3297 1471 3352 sep·

314 3391 422 3446 timum
446 3389 629 3461 semIpedem
649 3389 758 3461 posita,
783 3405 873 3458 quam
895 3386 1045 3443 Martialis
1071 3403 1237 3456 numquam
1264 3387 1358 3442 solam
1382 3388 1468 3444 adhi-

313 3497 390 3570 buit,
416 3496 468 3552 scd
490 3497 559 3552 aliis
581 3497 713 3553 caesuris
735 3513 852 3566 semper
873 3495 1003 3550 adiuvit.

351 3603 396 3658 Ao
415 3603 546 3674 primum
569 3603 690 3672 quidem
711 3600 885 3656 invenimus
906 3601 1185 3673 semiseptenarIam
1203 3618 1269 3656 cum
1293 3602 1469 3658 semiterna·

312 3711 357 3765 ria
378 3725 528 3764 unacum
549 3708 609 3762 fine
630 3705 717 3762 verbi
737 3711 807 3778 post
827 3705 950 3762 tertium
973 3707 1169 3779 trochaeum,
1192 3707 1278 3762 cuius
1299 3708 1470 3778 exemplum

312 3823 359 3874 cst
380 3818 453 3874 hoc:

433 3991 509 4027 nunc
527 3976 640 4040 hilares,
662 3977 686 4025 si
705 3977 818 4040 qnando
837 3976 919 4041 mihi,
939 3989 1015 4024 nunc
1033 3976 1135 4041 ludite,
1156 3977 1254 4026 Musae
1266 3976 1332 4039 (VII
1346 3977 1415 4042 8,1).

352 4157 388 4210 In
409 4155 549 4210 versibus
566 4152 716 4209 eiusmodi
736 4152 844 4209 incisio
865 4157 934 4224 post
954 4152 1078 4208 tertium
1099 4154 1274 4208 trochaeum
1293 4152 1469 4208 semiterna·

312 4264 386 4334 riae,
410 4267 537 4333 utraque
559 4261 826 4334 semiseptenariae
847 4261 1058 4333 postponenda
1078 4265 1136 4318 est.

353 4371 503 4430 Praebent
523 4372 602 4426 hane
622 4370 750 4426 formam
771 4386 878 4426 versus
898 4369 946 4426 hi:
